2958 5096
301 707 348 776 illi
380 707 557 774 doctrinam
591 705 631 772 de
654 704 769 787 modo,
801 727 866 796 quo
894 705 979 773 Deus
1002 704 1165 774 consulere
1188 705 1285 774 vellet

301 837 338 880 ao
370 812 548 884 consuleret
568 812 677 902 generi
700 809 862 892 humano,
902 834 956 877 seu
980 813 1087 903 potins
1109 809 1195 879 hune
1219 836 1291 878 mo·

302 918 379 985 dum
413 919 538 1009 ipsum,
570 917 759 1004 mysterium
797 939 862 984 esse
892 931 1067 1008 putarunt,
1102 919 1290 1008 etquidem

301 1023 400 1104 ideo,
432 1023 507 1113 quia
541 1045 590 1089 res
612 1034 667 1087 ent
689 1035 770 1090 esset
796 1023 1039 1104 abscondenda,
1072 1037 1127 1091 ant
1152 1046 1215 1090 non
1239 1025 1290 1090 in·

303 1127 484 1218 telligenda.
837 1201 841 1208 ¹

347 1234 445 1299 Recte
473 1232 570 1322 igitur
594 1229 686 1320 hujus
709 1230 772 1297 looi
796 1233 952 1322 expositio
978 1255 1015 1298 eo
1029 1255 1084 1298 uos
1097 1232 1206 1314 ducit,
1232 1245 1289 1313 ut,

303 1339 475 1430 praecipue
519 1338 620 1427 ipsum
655 1339 765 1405 Jesum
801 1335 961 1404 Christum
1001 1351 1166 1427 sequentes
1197 1359 1290 1427 prae·

303 1457 454 1532 tereaque
484 1443 581 1534 ipsius
612 1442 803 1533 Apostolos,
840 1443 872 1508 in
897 1465 932 1509 re
965 1441 1148 1510 christiana,
1169 1440 1289 1508 habea·

303 1571 373 1616 mus
405 1551 571 1637 mysteria,
607 1571 688 1638 quae
721 1571 758 1614 er
781 1546 899 1614 horum
927 1561 1033 1614 mente
1054 1547 1094 1613 ad
1116 1570 1185 1614 eam
1209 1547 1289 1613 reli·

304 1656 429 1748 gionem
459 1655 630 1744 pertinent.
679 1655 747 1720 llno
789 1654 829 1720 de
853 1677 888 1720 re
912 1677 975 1720 non
994 1667 1142 1744 putamus
1160 1655 1192 1720 in
1215 1653 1291 1719 reli·

302 1761 396 1852 gione
431 1759 609 1827 Christiana
638 1760 787 1847 mysteria
827 1783 892 1826 esse
921 1759 1000 1825 ritus
1034 1783 1159 1840 saeros,
1193 1771 1290 1850 atque

304 1864 481 1930 doctrinam
502 1865 542 1930 de
565 1863 633 1932 his:
659 1864 777 1930 etenim
796 1862 876 1930 haee
901 1887 937 1930 er
966 1865 1033 1931 aeri
1057 1865 1152 1934 istius
1166 1876 1289 1931 tantum

305 1969 420 2060 genio,
455 1991 518 2058 quo
549 1965 748 2034 habebantur
772 1969 949 2057 mystesia,
988 1969 1160 2060 repetenda
1193 1980 1289 2046 sunt,

305 2073 443 2162 ideoque
464 2086 495 2138 et
509 2095 570 2137 non
591 2065 775 2139 evanescere
790 2096 851 2167 noo
865 2086 1057 2164 potuerunt,
1082 2074 1203 2164 quippe
1226 2096 1290 2138 non

217 2229 225 2249 ,
305 2178 338 2243 in
376 2179 471 2268 ipsius
499 2177 545 2243 rei
570 2175 768 2244 Christianae
808 2178 915 2245 indole
947 2203 983 2245 ee
1010 2193 1121 2245 natura
1147 2179 1288 2244 fundata.

306 2283 349 2350 At
372 2295 534 2372 praeterea
556 2305 616 2346 non
640 2295 787 2372 putamus
817 2304 884 2349 esse
907 2285 1056 2372 mysteria
1080 2285 1112 2350 in
1137 2281 1291 2374 religione

307 2387 485 2456 Christiana
508 2387 720 2470 Trinitatem,
745 2411 803 2454 neo
817 2389 1091 2474 Inoaruationom,
1109 2411 1166 2454 nee
1177 2391 1290 2454 Trans·

304 2495 621 2573 substantiationem,
654 2516 714 2559 neo
734 2495 1080 2576 Praedestiuationem,
1107 2515 1167 2560 neo
1190 2492 1291 2560 Satis·

305 2601 498 2682 factionem,
521 2599 624 2688 quelia
647 2600 880 2666 constituerunt
898 2599 977 2667 haee
994 2599 1112 2690 plaoita
1124 2598 1242 2686 Synodi
1256 2609 1289 2664 et

193 2691 198 2702 ⁸
305 2703 467 2793 Theologi.
515 2704 601 2769 Haeo
623 2703 707 2768 enirn
729 2703 899 2792 dogmata,
925 2727 1006 2794 quae
1026 2703 1179 2794 originem
1201 2725 1289 2768 suam

304 2807 423 2875 debent
446 2807 513 2874 aeri
537 2805 630 2896 hujus
653 2806 775 2874 illiusre
797 2810 909 2897 genio,
932 2809 1017 2899 quod
1039 2832 1068 2878 r.
1096 2832 1125 2879 o.
1148 2805 1289 2874 faoileli

306 2925 383 3002 quet
396 2911 500 2977 looum
514 2909 631 2977 hebere
646 2911 679 2977 in
698 2913 1069 2980 Transsubstantiationis
1085 2914 1223 3004 placito,
1248 2911 1288 2978 ad

306 3019 454 3107 mysteria
485 3018 605 3083 relerre
636 3040 699 3082 non
734 3040 901 3107 possumus
930 3043 948 3086 e
976 3020 1131 3086 sententia
1155 3019 1232 3086 Jesu
1255 3028 1289 3083 et

309 3122 549 3214 Apostolorum:
571 3145 669 3211 quare
681 3119 758 3188 haee
768 3125 918 3211 mysteria
931 3125 970 3190 ad
982 3125 1168 3216 religionem
1182 3121 1289 3190 Chris·

251 3293 255 3300 ,
309 3227 428 3293 tionem
453 3249 517 3291 non
546 3225 708 3314 pertinere
730 3226 864 3294 dicenda
886 3243 982 3308 sunt,
1016 3229 1070 3296 sed
1092 3229 1131 3294 ad
1154 3226 1290 3294 Theolo-

308 3333 392 3422 giom
418 3329 669 3397 Christianorum
694 3331 940 3422 nonnullorum(
966 3336 991 3422 )

354 3438 397 3506 alt
419 3459 531 3527 porro,
557 3436 642 3523 quod
663 3435 702 3500 ad
724 3436 885 3503 notionem
908 3439 1130 3526 mysteriorum
1153 3435 1289 3518 attinet,

308 3543 341 3608 in
370 3541 522 3631 religione
548 3538 726 3607 Christiana
751 3544 899 3628 mysteria
925 3542 1078 3610 habemus
1101 3565 1150 3614 ret
1174 3567 1191 3610 a
1211 3545 1290 3610 Jesn

307 3645 433 3716 Christo
455 3647 625 3712 clarissime
647 3646 819 3735 patefactas
845 3661 900 3714 aut
921 3662 1009 3716 certo
1031 3648 1287 3740 patefaciendas3

307 3773 411 3840 neque
433 3773 507 3839 ergo
532 3773 568 3816 ea
592 3748 746 3816 habemus
768 3774 817 3817 res
842 3766 896 3818 aut
919 3753 1023 3844 quoad
1047 3752 1214 3821 materiam·
1234 3764 1291 3819 aut

342 4011 382 4084 (t)
416 4013 616 4086 lnqrrisitionorn
628 4015 728 4084 igitur,
749 4033 812 4068 num
825 4033 865 4070 ree
878 4017 949 4071 lrieee
961 4017 1089 4074 doctrinis
1103 4019 1233 4092 expositae
1244 3981 1299 4071 ve·⁸

310 4113 338 4148 re
367 4098 421 4150 rint
449 4100 572 4169 mysteria
600 4102 617 4152 i.
637 4117 661 4152 e.
688 4117 728 4152 ree
756 4117 809 4152 non
836 4103 1042 4173 intelligendae,
1069 4122 1102 4156 an
1121 4121 1192 4169 noa,
1219 4103 1296 4172 pensi

312 4183 394 4234 nostrl
413 4199 466 4237 uon
487 4201 559 4248 erre,
578 4192 672 4258 rponte
690 4184 860 4254 perspicitur.
