2938 5080
801 465 861 582 ¹aa

389 741 477 809 Haec
507 737 653 826 universe
679 736 785 806 valent
804 741 845 807 de
864 731 1050 828 μνςηρίόις,
1081 753 1193 830 utpote
1216 738 1327 810 ritibus

342 848 457 915 sectis:
483 845 594 913 eadem
614 845 720 911 valent
741 846 784 911 de
802 847 981 929 Trinitate,
1004 859 1108 926 caet,
1130 846 1179 912 nti
1199 869 1237 948 er
1257 847 1327 916 loco

342 951 438 1017 allato
455 969 586 1018 crurum
598 949 724 1016 abunde
734 964 857 1016 constat
867 1003 876 1034 ‚
887 962 1023 1038 μυςήρια
1036 971 1150 1038 nempe
1165 950 1208 1016 de
1220 953 1326 1034 Patre,

342 1057 428 1124 Filio
451 1071 483 1122 et
502 1055 626 1146 Spiritu
648 1055 766 1122 Sancto
786 1079 849 1121 non
869 1081 936 1124 esse
956 1055 1112 1136 narranda
1127 1054 1325 1126 Gentilibuss

344 1185 407 1253 qua
432 1161 473 1228 dc
500 1181 536 1228 re
555 1161 662 1228 lucum
682 1159 738 1227 hic
763 1161 869 1228 denno
893 1162 1007 1228 afferre
1029 1181 1093 1225 nou
1116 1159 1331 1227 videturesse

344 1289 483 1338 necesse.

710 1481 965 1500 Ἥ

302 1745 305 1750 .
386 1687 461 1755 dam
483 1709 559 1753 vero
581 1687 608 1751 si
635 1692 764 1776 paucis,
789 1708 872 1776 quae
893 1687 1052 1768 vidimus,
1078 1683 1329 1776 comprehende·-

341 1791 527 1873 mus‚·satis
546 1791 638 1862 nobis
659 1789 783 1880 liquet,
807 1793 895 1856 uario
917 1815 1007 1857 sensu
1028 1817 1046 1856 a
1070 1791 1238 1858 Veteribus
1261 1813 1329 1856 esse
1361 1803 1369 1814 “

342 1897 551 1962 existimatum
591 1898 632 1962 de
665 1901 836 1982 μυςηρίοις.
892 1899 1039 1986 Namque
1073 1898 1169 1961 verba
1208 1913 1329 1964 snsruu

337 2018 503 2070 uramus
526 2001 687 2082 indicant,
710 2003 778 2091 jarn
799 2000 896 2090 hujus
918 2015 1062 2092 tempore
1087 2001 1257 2069 Sacrorum
1277 1999 1328 2064 ri·

341 2119 452 2190 tuum,
484 2107 591 2186 saltem
622 2105 861 2188 Eucharistiae,
894 2107 1014 2172 cultum
1049 2129 1066 2172 a
1101 2104 1327 2170 nonnullorum

342 2212 564 2277 communione
582 2235 647 2276 esse
664 2225 845 2291 remotum,
867 2232 975 2276 eornm
990 2235 1106 2300 nempe
1120 2208 1328 2298 quinondum

340 2317 387 2382 rei
419 2315 615 2383 Christianae
645 2339 759 2381 nomeu
793 2316 948 2381 dederant
980 2329 1012 2382 et
1038 2314 1191 2405 baptizati
1214 2324 1325 2404 erant,

339 2421 415 2486 dum
446 2441 684 2488 rnnruuurarus
717 2417 875 2510 imprimis
897 2421 1079 2510 doctrinam
1106 2421 1147 2486 de
1169 2417 1328 2506 mysteriis

339 2546 404 2592 esse
427 2526 621 2592 reticendam
641 2527 816 2592 contendit.
864 2528 1006 2592 Priorem
1029 2525 1115 2590 illam
1137 2524 1329 2590 seutentiam

340 2629 561 2715 ἅθ’μυςηρίοις
582 2632 676 2696 etiam
699 2619 806 2695 tuetur
829 2651 971 2698 nasrcrns
995 2653 1054 2713 u.;
1079 2645 1111 2697 at
1127 2653 1248 2698 verear
1261 2627 1331 2692 hu·

334 2737 387 2824 jus
414 2735 510 2800 etiam
542 2747 648 2800 mcute
670 2734 815 2799 doctrina
838 2735 878 2800 de
901 2735 1016 2800 ritibus
1040 2737 1144 2805 Sacris
1167 2758 1232 2800 uun
1254 2745 1330 2799 erat

335 2840 601 2907 communicanda
622 2839 762 2919 nondum
786 2840 930 2908 initiatis.
978 2842 1048 2906 Hoc
1069 2840 1155 2905 enirn
1180 2840 1250 2904 loco
1272 2837 1328 2905 al..

223 2947 235 2975 “
338 2946 438 3036 legata
467 2948 611 3011 universe
640 2941 797 3034 probent,
828 2957 860 3009 et
893 2946 1032 3010 breviter
1060 2947 1156 3011 etiam
1177 2943 1330 3034 exprimit

339 3073 402 3117 una
424 3052 577 3142 periodo:
604 3073 714 3138 »quac
734 3072 796 3114 nou
820 3049 953 3114 initiatis
978 3049 1089 3116 illicita
1107 3063 1178 3114 sunt
1196 3048 1328 3127 ridere,

338 3155 453 3236 horum
476 3156 653 3220 doctrinam
677 3177 740 3220 non
766 3155 913 3222 convenit
940 3154 1054 3220 litteris
1077 3150 1330 3220 mendarc.¹’-—

331 3260 484 3328 ,Crurunu
517 3283 590 3325 vero
611 3259 700 3324 cordi
718 3273 785 3338 cst,
818 3282 859 3326 ne
888 3261 930 3326 de
954 3260 1164 3326 Sacramentis
1204 3258 1330 3326 doctri·-

336 3389 397 3448 ne,
430 3355 577 3429 fidelibus
601 3379 633 3430 et
659 3364 793 3428 initiatis
811 3365 877 3451 jam
902 3365 1047 3452 cognita,
1082 3361 1331 3430 careohumenis

251 3469 256 3480 '
338 3467 593 3536 ‘communicetur
624 3482 655 3534 et
677 3457 787 3533 ab'his
813 3481 844 3533 et
868 3488 931 3532 non
961 3469 1093 3532 initiatis
1121 3467 1330 3556 diruigetur‚

340 3596 423 3664 quse
449 3572 605 3658 sentiendi
635 3573 715 3638 ratio
743 3574 909 3664 etiamest
933 3592 1091 3666 uunpcuu
1113 3593 1167 3666 rc,
1197 3566 1331 3662 quando

339 3678 506 3767 distinguit
549 3701 606 3757 ea,
644 3701 725 3765 quae
756 3678 795 3744 de
829 3682 983 3763 μυςηρὶων
1021 3677 1145 3744 raiioue
1180 3698 1331 3742 commu·

340 3781 440 3848 niceri
467 3796 610 3872 possent,
644 3796 675 3848 et
698 3807 755 3864 ca,
788 3806 869 3872 quae
892 3797 1014 3848 tantum
1041 3782 1187 3847 fidelibus
1210 3793 1242 3846 et
1263 3781 1332 3846 ini·

293 3869 313 3941 -'
341 3887 425 3954 tiatis
456 3885 640 3954 reservanda
672 3901 783 3954 essent.
838 3887 979 3952 Eandem
1009 3887 1196 3952 seutentiam
1228 3885 1334 3950 etiam

340 4006 470 4060 tuentur
491 4014 667 4062 suunosrus
688 4006 720 4060 ct
747 4013 986 4060 runononurns.

388 4099 481 4188 Apud
522 4117 777 4170 cunrscsrouuu
804 4121 878 4166 vero
907 4111 939 4166 et
970 4111 1175 4167 snousrrnnu
1200 4108 1338 4161 utram-

341 4225 404 4293 que
430 4203 516 4270 illam
547 4202 703 4270 sentiendi
735 4203 890 4270 rationem
923 4203 1100 4270 invenimus
1124 4203 1338 4288 conjunctam
