2958 5096
770 507 864 581 158·

316 743 422 824 tione,
448 723 529 832 quae
551 744 583 809 in
606 743 745 810 Ecclesia
770 746 936 835 regnarit,
963 745 1108 834 perversi
1129 745 1245 832 imbuti
1269 757 1304 812 et

314 869 423 914 rocem
448 847 628 916 audientes:
660 849 750 914 »Hoc
773 862 819 914 est
830 847 1015 936 mysterium
1032 871 1201 937 magnum,
1221 847 1303 916 haec

315 973 378 1018 non
414 965 487 1018 sunt
515 953 762 1042 perscrutanda,
799 954 853 1019 sed
884 953 947 1019 lide
973 954 1194 1034 veneranda,”
1222 951 1301 1020 lruic

317 1058 505 1146 obsequium
538 1060 704 1147 praebent.
754 1057 903 1125 (inhibitis
935 1059 1020 1124 enim
1043 1058 1144 1124 liberal
1167 1058 1296 1148 inquisi·

318 1161 427 1241 tione,
461 1160 629 1228 cohibetur
658 1162 751 1228 simul
774 1164 875 1228 omnis
900 1163 1099 1252 progressio,
1131 1176 1162 1229 et
1182 1163 1304 1229 exsistit

245 1311 247 1318 ι
317 1265 486 1356 Theologia
522 1289 645 1355 semper
671 1267 802 1347 eadem,
841 1265 942 1355 qualis
972 1267 1090 1333 dicitur
1119 1265 1213 1334 hodie
1238 1280 1305 1334 sta·
1335 1279 1338 1286 ’

318 1371 401 1440 bilis.
449 1373 533 1460 llrgo
564 1371 619 1436 tali
655 1395 732 1438 voce
765 1371 921 1438 audienda
949 1395 987 1437 eo
1011 1370 1154 1438 homines
1175 1373 1305 1439 ducun-

319 1487 394 1555 tur,
429 1497 493 1566 quo
527 1475 615 1541 ducti
648 1489 720 1540 sunt
745 1475 1090 1558 Romano-Catholici,
1123 1477 1178 1568 qui
1205 1475 1304 1544 hodie

320 1577 424 1646 adhuc
469 1581 573 1670 ipsum
618 1603 732 1670 corpus
768 1581 894 1646 Domini
937 1581 1128 1648 manducare
1168 1584 1304 1672 ejusque

319 1684 502 1774 sanguinem
537 1685 648 1752 bibere
686 1685 747 1751 sibi
779 1686 946 1765 ridentur,
981 1688 1056 1774 quia
1088 1699 1162 1753 ante
1192 1689 1305 1754 decem

319 1790 387 1856 iere
416 1789 538 1855 saecula
568 1809 743 1857 rascnssto
767 1809 942 1858 nsnnnnro
982 1814 1031 1857 res
1053 1792 1096 1858 its
1116 1805 1163 1858 est
1185 1794 1249 1858 risa
1274 1805 1308 1858 et

320 1895 480 1962 Ecclesiae
506 1896 616 1961 aetatis
639 1894 723 1961 illius
746 1895 900 1962 barbarae
923 1896 1059 1962 barbara
1086 1895 1207 1987 placuit
1226 1893 1307 1964 haec

322 2000 452 2088 opinio,
476 2017 571 2089 quam
594 2014 705 2090 utpote
725 2001 911 2089 mysterium
933 2013 1076 2067 sanctum
1099 2023 1184 2067 nunc
1208 2001 1309 2067 relin-

322 2125 421 2192 quere
449 2125 512 2168 non
543 2103 661 2169 audent
685 2102 719 2168 hi
739 2103 901 2186 homines,
937 2107 994 2195 qui
1019 2105 1168 2172 illicitum
1191 2119 1308 2195 putant

320 2208 371 2274 rel
397 2207 555 2274 tantillum
578 2222 702 2276 mutare
724 2231 858 2290 eorum,
889 2233 970 2300 quae
987 2224 1059 2276 ante
1073 2209 1196 2276 saecula
1210 2233 1311 2297 qnae·

322 2313 396 2379 darn
417 2313 639 2380 constituerint
659 2315 766 2380 Patres
787 2327 819 2380 et
841 2311 994 2382 Concilia.
1042 2314 1192 2405 Exempla
1216 2315 1310 2380 nobis

322 2419 385 2485 sint
407 2417 514 2509 plures
538 2416 726 2507 Theologiae
748 2416 947 2484 Christianae
970 2418 1178 2508 expositiones
1202 2419 1308 2483 serio-

318 2524 367 2602 ·ris
390 2522 565 2613 temporis,
600 2543 681 2611 quae
694 2571 703 2602 ,
739 2522 772 2587 in
795 2521 924 2612 singulis
951 2523 1081 2613 quidem
1103 2523 1176 2590 satis
1196 2521 1311 2588 direr-

323 2651 397 2708 sne,
434 2628 468 2691 in
500 2625 561 2692 hoc
586 2627 765 2715 saepissime
788 2627 999 2708 conveniunt,
1039 2627 1124 2717 quod
1147 2638 1308 2716 exponant

323 2745 356 2799 et
375 2731 501 2797 tradant
520 2729 724 2820 Theologiam
746 2728 978 2814 Christianam,
1002 2754 1083 2820 qnae
1106 2753 1142 2796 er
1158 2730 1306 2797 doctrina

324 2835 450 2906 Biblica
482 2848 514 2902 et
540 2835 685 2902 doctrina
704 2835 924 2903 Ecclesiastica
945 2849 992 2902 est
1014 2836 1212 2925 composita,
1235 2833 1308 2906 ,hu·

320 2944 438 3032 jusque
469 2939 587 3030 placita
618 2962 682 3006 non
705 2963 777 3005 raro
799 2939 933 3006 absurda
956 2943 1062 3006 sancti
1083 2939 1308 3027 mysteriorum

326 3068 403 3112 roce
435 3045 578 3134 appositis
608 3044 779 3111 defendere
810 3067 900 3134 posse
934 3046 1001 3138 sibi
1027 3046 1164 3116 ridetur.
1219 3045 1311 3130 Quod

324 3145 420 3241 'agens
449 3147 618 3239 Theologia
642 3150 700 3215 ista
725 3149 920 3216 mulierculis
943 3150 1071 3238 quidem
1095 3149 1223 3241 placere
1246 3173 1311 3240 po-

327 3266 411 3335 test,
434 3275 582 3343 semper,
604 3265 640 3319 ut
660 3275 735 3319 cnm
756 3254 909 3344 Apostolo
930 3255 1128 3345 loquar(l),
1153 3255 1311 3322 discenti-

328 3359 388 3424 bus
401 3408 411 3439 ,
441 3358 493 3424 sed
517 3379 678 3447 nunquam
703 3359 743 3423 ad
764 3360 830 3424 reri
854 3361 1066 3448 cognitionem
1089 3360 1311 3450 pertenienti-

328 3465 406 3548 hus3
439 3475 471 3529 at
501 3461 703 3528 vehementer
725 3462 871 3553 displicet
893 3465 1020 3531 leminis
1039 3465 1203 3554 virisque,
1234 3487 1311 3531 vero

328 3568 545 3660 cognoscendo
561 3581 601 3634 et
620 3567 750 3635 intentis
770 3581 802 3635 et
821 3569 954 3638 idoneis.

375 3671 493 3758 Quodsi
504 3670 669 3762 Apostolos
680 3684 712 3738 et
723 3671 920 3740 Serratorem
934 3674 1036 3764 ipsum
1050 3674 1229 3763 sequimur,
1241 3696 1315 3740 ma·

324 3779 378 3866 jor
390 3777 524 3845 subinde
541 3776 592 3841 lux
612 3777 764 3844 alienetur
786 3778 990 3868 Dogmaticae
1017 3777 1223 3846 Christianae.
1247 3779 1316 3844 Hu-

324 3883 378 3970 jus
402 3882 487 3948 enim
509 3895 694 3972 argumento
711 3881 888 3965 illustrato,
909 3881 991 3950 hanc
1002 3897 1034 3951 et
1047 3885 1146 3974 ipsam
1160 3880 1316 3949 illustrari

331 3986 594 4077 quammaxime,
616 3987 749 4078 quisque
760 3987 857 4056 ridet.
882 3989 956 4057 Jrnn
969 4012 1043 4056 rero
1056 3987 1118 4056 hoo
1138 4009 1314 4078 argumen-

368 4210 410 4277 (1)
447 4209 548 4265 ann.
567 4211 610 4260 nc
629 4209 656 4262 r.
