2938 5080
622 457 666 528 61

155 689 254 776 prino
287 686 491 776 praeberet),
530 697 563 752 et
601 710 638 754 ex
668 689 791 757 atim.
831 689 857 756 I.
894 693 934 769 9,
977 687 1055 767 ubi,
1094 688 1142 754 lo·

153 790 435 880 quemnemo,
468 792 565 862 dicit:
597 793 685 884 »qui
709 792 837 860 salvarit
855 815 931 873 nos,
964 807 996 859 et
1020 795 1142 860 vocarit

150 896 323 962 vocatione
352 911 478 977 sancta,
515 921 578 963 non
608 899 781 966 secundum
804 921 899 988 opera
922 910 1051 979 nostra,
1086 897 1139 964 sed

152 997 328 1066 secundum
365 1023 454 1068 suum
485 1003 581 1092 ipsius
611 1003 795 1084 decretum,
831 1015 863 1069 et
891 1003 1023 1094 gratiam
1049 1002 1141 1067 nobis

153 1105 261 1172 datam
283 1105 315 1169 io
337 1103 463 1172 Christo
485 1109 582 1188 Jesu,
613 1121 685 1175 ante
708 1122 851 1199 tempora
875 1121 1022 1188 aeterna,
1054 1129 1141 1172 nunc

154 1222 262 1275 autem
289 1211 478 1299 patefactam
503 1213 705 1302 apparitione
724 1213 917 1280 salvatoris'’
940 1225 1020 1279 caet.
1070 1213 1140 1278 Hoc

153 1313 285 1403 insuper
313 1328 344 1380 et
365 1338 402 1381 er
425 1317 492 1406 ipso
517 1316 607 1402 loco,
640 1318 680 1402 de
706 1341 769 1408 quo
791 1319 931 1408 agimus,
963 1316 1141 1384 luculenter

157 1418 282 1508 liquet;
307 1443 443 1512 namque
467 1415 714 1490 Paulus'Jesum
738 1422 922 1504 Christum,
946 1445 1042 1511 quem
1064 1448 1140 1509 pvo-

156 1535 262 1610 τήριον
287 1539 378 1590 rocat
391 1576 400 1606 ‚
428 1531 656 1614 ‹parmattr'nta
677 1528 767 1595 dicit.

204 1627 429 1730 Concluiimus
464 1656 540 1723 ergo
553 1683 562 1714 ,
595 1641 629 1702 τὸ
651 1644 819 1720 μυστήριον
845 1629 877 1700 h·
902 1630 922 1698 l·
944 1653 1008 1696 esse
1030 1635 1139 1718 ipsum

158 1731 196 1800 J.
216 1734 273 1814 0.,
291 1737 328 1798 in
351 1736 445 1822 cajus
468 1761 579 1828 nempe
602 1742 835 1828 apparitione,
860 1739 1140 1802 rerurrectionee

159 1847 315 1923 marture,
337 1843 372 1904 in
393 1844 515 1906 coelam
539 1845 720 1921 adscensu,
744 1847 780 1907 in
803 1865 866 1931 qao
888 1845 1088 1906 annunciata
1110 1847 1141 1903 et
1177 1905 1178 1910 ,

158 1943 223 2030 fide
241 1946 467 2036 conprehensa
478 1996 487 2026 ,
513 1971 610 2036 qnam
630 1951 773 2012 maxima
795 1971 833 2012 re
852 1955 884 2010 et
896 1949 995 2034 sacto
1015 1948 1061 2010 sit
1075 1968 1140 2033 pa·

166 2051 314 2136 tasnatum
355 2051 502 2116 dia-inam
544 2056 738 2132 consiliam,
785 2061 883 2117 antea
914 2051 1139 2116 absconditam

168 2149 374 2242 (μυστήριον),
402 2156 441 2220 de
463 2159 585 2224 beando
604 2181 724 2245 ponere
736 2159 876 2222 humano
881 2179 947 2248 par
957 2155 1090 2246 ipsum(
1113 2156 1139 2246 ).

451 2399 847 2430 W..

195 2635 242 2701 (1)ι
276 2637 342 2690 cum
366 2637 432 2690 haec
449 2637 482 2690 de
500 2637 562 2690 looie
580 2638 693 2691 Parilioio
711 2635 841 2702 vidimus,
866 2654 934 2708 quae
953 2639 1008 2690 τῶν
1028 2655 1139 2705 μυστη-

157 2727 223 2792 ρίων
242 2723 404 2774 mentionem
423 2723 545 2787 tactum,
565 2721 620 2774 diro
636 2721 735 2775 addere
748 2721 822 2774 triber
834 2723 910 2786 ioca,
927 2722 954 2772 in
968 2719 1063 2791 quibua
1075 2723 1140 2790 qui·

155 2804 216 2858 dem
236 2825 288 2858 non
308 2807 425 2860 occurrit
443 2825 490 2860 vox
502 2816 685 2877 μυστήριον,
704 2816 819 2858 attamen
839 2804 873 2857 de
889 2804 980 2856 eadem
995 2805 1140 2874 magiter,
1165 2821 1167 2828 ·

155 2902 181 2942 et
200 2909 232 2944 ex
250 2889 346 2964 quibui
364 2892 569 2944 luculentissime
582 2895 682 2963 liquot,
703 2888 836 2962 quomodo
849 2887 956 2960 quidex
968 2890 1040 2941 Pauli
1052 2896 1141 2940 mente

154 2973 272 3044 patefiat.

190 3061 265 3112 Hanc
283 3061 310 3112 in
329 3077 385 3114 rem
403 3061 513 3114 citamus
523 3062 575 3113 Tit·
586 3063 607 3114 1.
618 3061 698 3127 Μ,
722 3059 766 3112 obi
784 3058 850 3111 dicit
867 3059 979 3110 Paulae:
997 3055 1054 3110 aad
1066 3075 1140 3126 opem
1181 3109 1186 3119 ,

154 3144 225 3196 ritae
238 3155 382 3210 aeternae,
409 3159 489 3216 quam
508 3147 602 3211 Dana,
630 3146 737 3198 mentiri
758 3145 877 3209 nescius,
896 3143 1016 3212 promisit
1037 3145 1155 3212 (ἐπηγ-ι

156 3227 294 3296 γείλατο)
314 3237 377 3281 acte
396 3239 514 3299 tempora
533 3239 658 3284 aeterna:
687 3229 809 3302 patefecit
829 3245 892 3280 vero
909 3245 1054 3280 sermonem
1076 3229 1140 3295 (aba

157 3313 256 3380 λόγον)
287 3331 364 3366 rtrum
378 3317 458 3384 jrratir
478 3315 661 3386 temporibus,
690 3313 905 3388 praedicatione,
933 3331 1001 3384 quae
1019 3312 1083 3364 mihi
1101 3320 1140 3365 ert

154 3399 258 3452 eredita
272 3397 294 3426 ”
325 3409 392 3452 caet.
431 3401 483 3469 Qui
502 3402 574 3453 loona
595 3403 634 3470 (io
653 3417 727 3471 quo,
747 3400 785 3451 uti
803 3409 897 3468 sponte
916 3407 1006 3467 patet,
1024 3399 1094 3450 inter
1113 3416 1141 3451 aa

81 3477 86 3488 ’
155 3492 346 3552 permutantur
366 3491 527 3553 ἐπαγγελία
548 3486 591 3536 itta
612 3492 686 3539 θεοῦ
708 3492 735 3535 et
755 3487 835 3551 λόγος
854 3486 967 3544 αὑτοῦ,
994 3499 1075 3552 qnare
1094 3499 1142 3534 vox
1220 3531 1224 3551 f

157 3571 240 3635 λόγος
261 3569 316 3636 ipsa
334 3569 379 3622 itta
397 3569 494 3636 rerba,
514 3569 610 3641 quibat
623 3573 783 3637 ἐπαγγελία
796 3569 829 3620 eit
840 3585 977 3636 caprena,
996 3565 1141 3635 significare

156 3652 211 3704 rire
240 3654 377 3706 continere
403 3653 520 3725 violatur)
537 3657 619 3724 igitur
636 3655 690 3722 agit
709 3651 742 3706 de
762 3651 955 3724 praedicatione
972 3651 1033 3704 Jeru
1052 3652 1142 3704 Chris·
1190 3686 1194 3702 ,

157 3735 197 3801 ti,
229 3745 321 3805 utpote
347 3727 455 3810 inquo
482 3740 515 3791 ait
542 3739 674 3808 patefacta
691 3739 736 3791 itta
753 3739 806 3790 rita
822 3746 950 3804 aeterua,
974 3755 1052 3808 quam
1072 3738 1142 3790 Dour

157 3830 235 3874 antea
252 3825 307 3893 jam
325 3825 489 3892 promiserat.

195 3907 247 3958 Neo
266 3911 351 3960 minuo
371 3907 398 3960 id
418 3917 508 3979 patet,
536 3909 557 3962 ri
576 3909 686 3978 legimur
700 3894 721 3959 v2
739 3908 805 3960 Tim.
828 3909 848 3960 1.
868 3909 901 3970 9,
925 3903 972 3970 [0,
1002 3903 1047 3957 obi
1066 3901 1142 3956 audit

159 3987 193 4042 de
212 3991 285 4044 Deo:
303 4013 318 4044 o
329 3994 375 4064 qni
393 3995 502 4046 serravit
521 4013 567 4046 noo
583 4003 609 4046 et
629 3995 730 4052 vocavit
749 3994 887 4044 vocatione
904 3999 1012 4050 ceneta.
1033 4004 1085 4040 oon
1098 4006 1140 4040 ce·

159 4073 278 4128 cundum
296 4094 375 4145 opera
395 4087 499 4144 nostra,
518 4079 563 4134 red
580 4078 726 4133 arctandum
745 4079 825 4148 ipsior
844 4077 981 4130 comitium
996 4077 1073 4144 (autc
1091 4073 1141 4127 dc·

159 4161 275 4228 eretum)
295 4177 372 4216 antea
389 4176 527 4231 sumtum,
544 4174 571 4219 et
590 4166 702 4235 gratiam
722 4162 810 4215 datam
831 4163 856 4215 in
869 4163 896 4215 C.
910 4162 935 4215 J.
948 4168 1009 4212 ante
1022 4169 1140 4232 tempore
