2938 5080
245 725 246 728 ’
323 722 428 804 potest
465 731 528 777 non
569 708 728 802 prolerre.
784 709 908 778 Deinde
938 732 956 776 a
988 708 1080 778 nobis
1109 705 1311 800 indagabitur

325 814 484 884 Ecclesiae
501 815 600 882 totius
623 813 823 884 Christianae
845 813 901 881 hos
926 816 1109 882 subsecutae
1133 813 1307 894 sententia,

321 921 410 1013 quod
433 944 506 988 saue
524 922 652 987 maximi
673 945 738 988 esse
758 923 911 988 momenti
923 921 1039 987 inii-tias
1056 922 1116 988 ibit
1129 943 1239 997 nemo,
1251 939 1310 1010 qut

323 1047 429 1093 secum
455 1025 674 1117 reputaverit,
699 1049 832 1093 necesse·
845 1025 936 1092 nobis
959 1049 1048 1107 esse,
1080 1038 1116 1091 ut
1136 1045 1309 1114 cognosca-

322 1151 414 1216 mus,
439 1153 534 1222 quam
560 1131 647 1197 rarle
671 1130 715 1196 de
737 1127 805 1196 'hac
826 1152 861 1196 re
884 1131 1036 1196 senserint
1059 1130 1119 1196 riri
1144 1129 1308 1218 doctrinae
1363 1135 1364 1140 ’

322 1257 361 1302 ac
387 1235 514 1326 pietatis
547 1235 641 1302 lauda
671 1234 848 1316 celebrati,
870 1257 1004 1301 numero
1025 1233 1131 1305 multi.
1153 1271 1200 1286 -·
1222 1234 1308 1300 lluio

317 1341 496 1408 tententiae
526 1341 695 1432 indagatae
729 1340 877 1408 suecedet
907 1339 1085 1430 disquisitio
1116 1339 1155 1406 de
1183 1338 1306 1428 origiue

319 1444 491 1513 varietatis.
522 1445 642 1538 Sponte
664 1445 749 1512 euim
769 1446 887 1536 liquet,
902 1445 1117 1535 cognitionem
1136 1445 1306 1510 effectuum

317 1559 397 1616 tunc
420 1551 573 1618 maximae
594 1551 686 1618 nobis
707 1573 772 1618 esse
794 1549 964 1632 utilitatis,
990 1550 1116 1640 quando
1135 1550 1231 1616 etiam
1254 1571 1308 1615 ex-

226 1649 230 1656 ’
280 1699 281 1702 =
317 1657 440 1746 positae
468 1656 532 1723 sint
559 1653 674 1722 horum
706 1656 877 1722 effectuum
902 1678 1030 1724 causae:
1056 1655 1116 1721 nisi
1144 1655 1228 1721 enim
1250 1652 1307 1722 has

314 1781 527 1850 exponamus,
553 1783 683 1852 operam
706 1773 738 1828 et
761 1759 864 1827 oleum
887 1761 954 1827 lere
974 1760 1225 1850 perdiderimus,
1249 1761 1308 1826 ab·

318 1863 420 1932 soluta
443 1865 574 1956 quidem
602 1867 705 1955 operis
730 1879 820 1956 parte
840 1863 938 1932 alterat
951 1914 961 1948 ,
985 1888 1051 1930 rem
1076 1866 1118 1932 ita
1143 1889 1230 1943 esse,
1255 1887 1305 1930 re-

318 1967 394 2036 tiata
410 1992 483 2036 sero
497 1969 596 2036 alterd
606 1971 706 2061 eique
717 1971 877 2060 graviore,
899 1990 996 2059 quare
1011 1969 1055 2036 ita
1067 1971 1116 2038 sit.
1130 2006 1173 2020 -
1185 1969 1303 2039 Ultimo

319 2071 390 2140 loco
420 2075 527 2141 abesse
556 2098 618 2140 non
648 2075 769 2166 poterit
799 2075 982 2166 inquisitio,
1008 2099 1160 2166 quosnam
1184 2075 1304 2140 fructus

319 2177 432 2246 afferre
456 2179 601 2246 videatur
622 2193 724 2246 totum
745 2179 807 2246 hoc
830 2172 992 2270 negotium
1013 2181 1074 2271 ipsi
1097 2179 1303 2269 Theologiae,

320 2283 385 2354 tiae
405 2284 565 2376 quodnam
586 2284 626 2350 sit
646 2285 786 2375 pretium
807 2286 903 2354 totius
922 2285 984 2352 loci
1003 2286 1036 2351 iu
1055 2309 1091 2352 re
1115 2284 1305 2374 dogmatici.

260 2445 263 2454 .
320 2388 390 2458 Nisi
412 2390 498 2456 euim
520 2388 662 2458 adhunc
684 2391 899 2482 quaestionem
925 2392 1005 2458 bene
1026 2403 1307 2481 aptequerespon«

321 2495 391 2564 deri
421 2507 518 2584 atque
545 2496 624 2562 adso
656 2496 759 2587 ipsum
790 2519 918 2577 rerum,
953 2497 1038 2586 quod
1071 2496 1106 2561 in
1135 2493 1307 2584 Theoloqin

318 2600 416 2688 unica
434 2600 638 2682 sectandum,
659 2601 791 2692 provehi
811 2602 926 2694 possit,
946 2625 1054 2668 omnes
1066 2623 1167 2690 paene
1179 2599 1305 2694 labores

318 2707 435 2772 intutae
462 2706 633 2772 exantlatos
651 2707 806 2778 dicamus.
855 2711 903 2776 lta
926 2730 1000 2773 vero
1015 2703 1211 2796 prouinciam
1232 2726 1305 2770 nos·

317 2808 400 2877 usur
420 2811 642 2900 suscipientes,
667 2816 734 2901 ejus
759 2813 842 2880 bane
870 2809 1139 2878 administrandae
1163 2807 1303 2896 pravita-

317 2923 382 2980 tem
414 2927 447 2980 et
479 2914 540 3004 ipsi
569 2915 698 3004 quidem
730 2918 938 3013 persentimus
959 2925 991 2980 et
1013 2911 1082 2979 aliis
1105 2912 1305 2996 sentiendam

317 3017 527 3104 exhibemusq
564 3033 597 3087 at
627 3045 702 3089 aero
736 3043 925 3113 auguramus
960 3019 1056 3094 etiam
1091 3041 1128 3086 ae
1159 3018 1305 3085 videmus

318 3123 439 3190 buctus
461 3147 533 3190 curn
559 3147 595 3190 ex
621 3124 746 3194 Codicis
764 3129 853 3195 Sacri
878 3124 1161 3215 interpretatione,
1185 3136 1304 3190 tum-er

317 3225 469 3300 historiae
485 3229 644 3298 Ecclesiae
664 3230 861 3310 Christianae
880 3229 1104 3320 inquisitione,
1126 3239 1194 3294 tum
1205 3226 1302 3294 deni·

318 3355 381 3424 que
398 3357 436 3401 ex
457 3335 524 3427 ipsa
544 3338 590 3403 rei
612 3337 849 3413 aestimatione,
872 3333 911 3400 ad
925 3333 1222 3400 nosredundaturos
1235 3345 1301 3399 taur

316 3440 478 3531 egregios,
509 3455 544 3509 ut
567 3439 602 3508 hi
622 3441 713 3509 nobis
734 3441 796 3508 sint
822 3438 941 3508 stimuli
964 3437 1002 3505 ad
1027 3461 1105 3528 epus
1128 3439 1304 3529 suscipian-

317 3545 394 3612 dum
415 3546 582 3614 incitantes
602 3569 639 3612 ac
660 3546 698 3612 ad
719 3545 897 3614 conandum
917 3543 995 3635 quid
1017 3541 1138 3611 valeant
1157 3541 1302 3630 humeri,

318 3651 397 3744 quid
419 3652 504 3720 ferre
521 3663 684 3720 resumat.

247 4103 248 4112 ¹
362 4066 668 4136 commentnionem
694 4065 909 4159 inscripsimus
936 4069 977 4132 de
996 4066 1169 4152 mysteriis
1188 4081 1222 4130 ru
1243 4080 1304 4127 nu·

317 4191 448 4244 matous
469 4191 686 4257 ennarrans,
711 4185 746 4239 m
764 4172 884 4240 ultimis
898 4170 1061 4250 bisterbis
1073 4169 1303 4252 indicaremus,
1353 4181 1355 4198 ·
