2958 5096
779 489 849 562 118

319 751 421 796 saeros
453 742 484 794 et
516 727 695 797 doctrinam
720 727 760 793 de
782 728 857 817 ipsis
877 723 1134 803 abscondebant,
1165 735 1198 790 et
1219 735 1309 790 certo

318 833 445 899 demum
487 832 624 922 quodam
669 846 812 924 tempore
855 831 982 922 elapso,
1027 831 1131 896 omnin
1175 829 1311 896 initiatis

319 937 510 1004 revelabant.
558 940 607 1004 lta
640 951 672 1004 et
702 936 842 1006 Gentiles
879 937 941 1004 sibi
974 958 1145 1034 propensos
1174 933 1310 1000 reddere

320 1055 448 1108 constes
470 1065 537 1110 esse
564 1043 709 1108 doctrind
724 1041 873 1132 jactandi
893 1041 934 1107 de
956 1041 1114 1129 mysteriis
1134 1060 1309 1128 eorumque

320 1150 351 1213 ri
372 1145 524 1230 subliini,
557 1161 714 1229 nonest,
746 1147 831 1238 quod
856 1160 1005 1214 accurate
1027 1139 1059 1212 iri
1081 1147 1184 1214 lucem
1199 1169 1310 1238 ponn-

319 1275 413 1334 mus,
443 1277 516 1320 cum
546 1277 582 1320 ex
612 1253 872 1320 antecedentibus
897 1253 969 1320 satis
993 1275 1152 1344 superque
1171 1251 1309 1318 derivari

319 1360 426 1451 possit.
472 1362 566 1440 Iuro,
594 1379 811 1438 sususrrnus,
839 1373 875 1425 ut
896 1357 1051 1438 vidimus,
1085 1357 1229 1424 homines
1252 1378 1309 1422 eu·

320 1465 461 1531 riositste
485 1465 597 1530 ductos
624 1487 688 1532 esse
709 1464 796 1544 vult,
828 1477 863 1530 ut
885 1463 1064 1556 intelligant
1088 1475 1188 1530 toturn
1211 1461 1311 1528 ratio·

321 1591 392 1636 nom
414 1570 650 1656 mysteriorum.

356 1674 555 1754 Rationem,
589 1696 646 1740 eur
669 1674 847 1740 doctrinam
874 1675 913 1739 de
937 1673 1004 1740 Deo
1029 1673 1143 1752 Patre,
1173 1671 1256 1740 Filio
1276 1681 1309 1736 et

320 1778 445 1870 Spiritu
476 1778 531 1860 S.,
566 1802 632 1845 rem
665 1803 728 1844 non
759 1779 894 1844 initiatis
924 1777 1178 1844 abscondendam
1206 1775 1311 1842 babu-

288 1899 293 1913 ·
321 1885 404 1950 crint
431 1884 577 1974 antiqui,
610 1907 672 1950 non
696 1884 842 1963 disertis,
880 1882 985 1971 quoad
1011 1881 1125 1948 saltem.
1143 1882 1235 1948 nobis
1253 1905 1312 1972 pa·

321 1989 403 2069 tuit,
438 1988 582 2054 indicant
616 1989 730 2055 verbis.
780 1986 947 2077 Gonjioers
982 2001 1088 2053 nutem
1124 1989 1150 2052 si
1187 1987 1309 2067 liceat,

322 2084 414 2157 eausa
437 2095 577 2182 proxima
601 2093 632 2184 in
658 2117 695 2160 eo
719 2094 778 2160 sita
800 2116 865 2160 esse
887 2092 1037 2172 ridetur,
1062 2091 1149 2181 quod
1174 2094 1217 2158 its
1237 2093 1310 2158 eri-

231 2243 238 2248 ·
322 2209 390 2264 tare
421 2199 583 2264 studerent
614 2198 788 2266 Gentilium
813 2199 1046 2287 objectionem,
1079 2220 1134 2278 se,
1168 2195 1314 2287 quamvis

323 2302 545 2370 Monotheismi
574 2325 661 2370 acres
692 2303 831 2368 vindices
854 2325 887 2388 se
910 2314 1077 2393 gererent,
1111 2319 1221 2366 revers
1244 2321 1313 2366 esse

245 2403 247 2411 ⁴
324 2407 542 2496 Polytheistas.
591 2407 774 2474 Communis
797 2409 882 2474 enim
907 2429 971 2496 qno
995 2407 1093 2497 magis
1118 2406 1215 2472 fiebat
1240 2405 1317 2495 opi-

324 2515 398 2592 nio,
424 2513 461 2578 in
481 2514 586 2580 divinat
609 2513 785 2578 substantiis
806 2526 869 2578 tres
892 2533 958 2598 epse
980 2511 1144 2578 distinctas
1161 2532 1315 2601 personas

324 2619 465 2697 divinas,
497 2641 560 2682 non
590 2617 695 2706 potuit
713 2617 805 2696 fieri,
841 2616 920 2705 quin
946 2628 1048 2682 essent
1070 2615 1213 2683 Gentiles
1237 2615 1316 2704 ipsis

205 2731 210 2744 “
325 2722 531 2810 objicientes,
550 2721 653 2811 ipsos,
670 2721 786 2786 acriter
802 2734 948 2812 urgentes
960 2743 1164 2810 personarum
1181 2720 1317 2786 distinc-

198 2859 206 2873 ·
323 2830 463 2907 tionem,
494 2849 602 2892 revera
635 2848 700 2891 esse
725 2823 945 2912 Polytbeistas.
992 2824 1098 2892 Talem
1125 2837 1233 2892 nutem
1256 2825 1319 2893 ob·

318 2931 492 3020 jectionem
514 2953 664 2998 enervare
686 2928 855 2995 studebant
879 2927 1073 3011 Christiani,
1096 2930 1122 2994 si
1149 2953 1218 2996 rem
1237 2951 1319 3020 pro-

323 3049 477 3126 ponerent
490 3022 628 3100 n'ondum
647 3034 778 3100 initiatis
791 3034 1044 3100 abscondendam
1059 3085 1068 3115 ,
1092 3035 1169 3100 dum
1180 3035 1318 3102 interior

323 3147 369 3207 rei
392 3141 532 3230 cognitio
552 3138 773 3205 tantummodo
792 3153 1004 3206 reservaretur
1018 3139 1173 3238 initiatis,
1194 3141 1320 3230 quippe

324 3246 381 3336 qui
405 3245 498 3335 plene
519 3244 558 3308 de
584 3241 697 3308 harum
718 3266 923 3334 personarum
947 3244 1101 3311 relatione
1121 3267 1220 3324 vera,
1252 3267 1320 3334 qua

326 3362 501 3416 servaretur
534 3361 566 3414 et
598 3349 734 3414 Trinitas
755 3363 787 3414 et
810 3341 1079 3430 Monotheismus,
1106 3349 1321 3415 institueren-

326 3470 377 3521 tur
391 3454 450 3541 (1).
498 3451 707 3520 Obserremus
740 3476 814 3520 vero
849 3453 964 3534 simul,
997 3453 1094 3520 etiarn
1129 3452 1190 3520 bac
1225 3455 1257 3518 in
1280 3477 1321 3520 re

326 3561 448 3628 easdem
472 3582 592 3625 caussas
604 3609 613 3640 ,
638 3560 779 3648 quamvis
800 3560 1006 3639 remotiores,
1028 3581 1174 3649 magnam
1193 3570 1322 3645 partem

325 3665 476 3744 valuisse,
503 3687 580 3755 quas
603 3664 738 3730 vidimus
762 3663 802 3730 de
825 3664 979 3744 caeteris,
1014 3687 1099 3754 quse
1120 3676 1224 3730 essent
1245 3662 1322 3728 abs-

327 3769 503 3837 condendo.

372 3874 467 3942 Hisce
492 3888 597 3942 autem
619 3875 765 3940 omnibus
787 3871 941 3940 accedere
971 3865 1097 3939 neeesse
1120 3873 1204 3953 fnit,
1236 3869 1323 3938 hane

670 3979 678 4002 .

364 4123 407 4194 (i)
444 4125 532 4178 narsae
554 4124 625 4178 enim
645 4123 781 4191 Gentiles,
821 4125 868 4195 qui
887 4123 1046 4178 Christianos
1064 4132 1222 4194 accensent
1241 4124 1324 4195 rsty-

331 4211 454 4276 tbeismi‚
477 4208 620 4262 ridereest
640 4226 804 4262 extruentur
829 4208 933 4277 Antiqq·
960 4209 1059 4263 Eeolss.
1078 4209 1109 4264 T·
1130 4209 1161 4262 V.
1183 4229 1209 4283 p.
1232 4209 1323 4281 bdtq.
