2972 5126
813 445 862 516 54

333 699 394 744 non
417 665 626 744 observabant
646 674 812 759 homines,
835 699 896 744 nee
915 676 1033 758 telem,
1057 675 1158 766 qunlie
1170 688 1248 744 esset
1262 673 1328 740 fu·

309 767 423 860 ¹turn,
456 784 707 872 cognoscebant3
735 785 942 874 nequeenim
967 782 1110 848 universe
1132 778 1326 846 hominibus

331 889 458 976 cognite
477 903 569 968 eret,
591 889 644 957 sed
666 889 760 956 modo
781 902 930 968 eatenus,
955 899 1110 976 quatenns
1131 885 1171 952 de
1192 909 1228 952 en
1255 909 1325 952 co·-

332 1015 397 1058 rem
422 993 497 1082 ipsis
517 993 640 1062 loeutus
662 1008 730 1062 eret
750 993 862 1062 Paulus
874 1043 884 1074 ,
909 1016 951 1058 rs.
968 998 1009 1068 5,
1033 996 1064 1058 6.
1113 990 1237 1058 Deinde
1256 1013 1325 1056 nn·

331 1109 395 1163 tem
417 1100 546 1188 patefiet
565 1111 755 1185 μυστήριον,
779 1093 813 1168 h'.
833 1122 860 1166 e.
884 1121 918 1164 re
940 1110 972 1165 et
996 1096 1101 1177 fecto,
1127 1095 1227 1186 qualis
1251 1096 1321 1176 sit,

212 1285 216 1290 Ι
268 1257 272 1266 ,
330 1202 516 1292 npprrebit3
544 1205 591 1268 uti
611 1203 725 1271 Penius
748 1205 814 1294 ipse
837 1202 961 1270 disertis
983 1199 1087 1266 verbis
1110 1223 1154 1270 vs.
1174 1206 1195 1268 8
1215 1199 1321 1282 dicit,

328 1308 642 1393 ἀποκαλυφθήσεται.

374 1413 423 1480 Ne
455 1414 562 1480 multis
592 1435 772 1519 moremur·t
820 1411 981 1478 notionem
1014 1412 1184 1496 μυστηρίου
1221 1406 1256 1478 h.
1292 1407 1318 1478 i.

327 1517 503 1584 invenimus
524 1518 627 1604 hene,
653 1519 684 1584 id
706 1541 772 1584 esse
794 1540 863 1582 rem
884 1527 953 1584 tam
978 1515 1039 1581 diu
1064 1516 1319 1599 absconditam,

327 1625 487 1713 quamdiu
519 1626 660 1690 nondum
685 1623 854 1725 facto-in
878 1623 983 1712 plena
1005 1625 1207 1711 apparuerit
1228 1622 1317 1692 luce.

774 1805 790 1890 s
816 1807 868 1868 17.

684 1938 698 2000 l
727 1931 810 2002 Timz
834 1931 894 2000 ΙΙΙ.
920 1935 952 1997 9.

325 2115 487 2134 .....
530 2062 700 2154 ἔχοντας
730 2061 775 2134 τὸ
805 2064 1018 2156 μυστήριον
1047 2069 1115 2149 τῆς
1150 2065 1313 2143 πίστεως

376 2171 419 2245 ἐν
444 2180 605 2270 καθαρᾷ
631 2170 856 2261 συνειδήσει.

369 2331 414 2395 Ex
450 2326 510 2417 iis,
544 2355 625 2422 quae
656 2330 808 2398 hactenns
837 2331 876 2397 de
908 2340 952 2420 τῷ
974 2337 1131 2420 μυστηρίῳ
1151 2332 1309 2411 vidimus,

323 2448 355 2501 et
380 2459 416 2501 er
438 2438 589 2528 epistolae
619 2437 713 2527 hujus
737 2447 944 2530 argumento,
981 2450 1124 2503 constare
1147 2436 1238 2502 nobis
1262 2437 1312 2502 vi·

322 2540 438 2620 detur,
471 2542 603 2608 Paulum
635 2541 690 2609 hie
720 2565 812 2632 egere
834 2541 874 2606 de
893 2543 1013 2628 objecto
1028 2543 1138 2629 fidei,
1163 2541 1310 2632 adeoque

321 2644 362 2710 de
395 2647 463 2736 ipso
497 2647 573 2714 Jesu
610 2645 736 2714 Christo
758 2647 831 2736 (l),
870 2645 921 2712 eui
955 2645 1032 2712 fides
1068 2643 1214 2714 hebetur.
1264 2647 1309 2718 Ut

320 2749 419 2833 alibi,
452 2753 496 2816 itn
522 2748 583 2816 hoc
606 2751 702 2817 etiem
723 2750 812 2852 nopis
836 2762 949 2841 petet,
981 2751 1096 2820 collato
1120 2750 1213 2839 hujus
1237 2748 1305 2819 Gn-

319 2856 394 2948 pitis
425 2879 467 2922 vs.
493 2859 556 2936 16,
591 2856 646 2922 nbi
673 2857 712 2922 ed
739 2863 774 2924 τὸ
796 2867 964 2943 μυστήριον
988 2857 1148 2937 refertur,
1183 2855 1304 2944 »quod

318 2961 358 3026 rit
390 2962 466 3028 Jesu
497 2959 623 3028 Christo
656 2961 733 3026 fides
768 2959 876 3026 habita
914 2960 946 3025 in
979 2961 1134 3026 mundo.”
1182 2961 1305 3028 Eodem

318 3065 413 3132 modo
442 3078 474 3132 et
508 3063 603 3154 hujus
632 3064 752 3154 Capitis
774 3090 818 3134 vs.
853 3071 891 3132 13
910 3069 1031 3136 *ntem
1052 3066 1163 3131 definit
1185 3075 1241 3151 τὴν
1267 3071 1304 3134 ἐν

317 3179 447 3259 Χριστῷ
479 3172 580 3254 Ἰησοῦ
601 3172 663 3256 (2).
687 3205 733 3220 -
756 3169 909 3237 Universe
937 3170 1055 3251 etiem,
1088 3169 1135 3236 uti
1168 3170 1199 3234 in
1230 3169 1302 3236 loeo

317 3287 447 3355 nostro,
480 3273 520 3340 de
541 3287 579 3362 τῇ
598 3277 696 3343 πίστει
720 3276 784 3364 egit
807 3274 975 3364 Apostolus
997 3277 1025 3345 Ι.
1049 3281 1099 3342 19.
1122 3276 1164 3344 11.
1187 3281 1204 3341 7
1230 3273 1302 3360 (ubi

317 3401 350 3445 se
380 3377 544 3445 doetorem
574 3379 737 3468 gentilium
770 3383 807 3443 in
825 3381 900 3466 fide
920 3391 951 3444 et
971 3385 1115 3446 veritate
1135 3379 1300 3472 appellat).

362 3485 411 3552 Ne
440 3483 534 3550 nimis
565 3485 674 3548 fiamus
709 3484 823 3574 prolixi
860 3486 945 3572 (nam
971 3485 1058 3552 iocus
1086 3486 1153 3576 ipse
1176 3485 1215 3550 de
1240 3481 1300 3550 hac

316 3612 351 3656 re
390 3611 444 3654 nos
473 3612 536 3654 non
569 3590 717 3656 certiores
749 3589 891 3674 reddit),
924 3589 978 3655 hie
1008 3589 1186 3656 desinamus
1221 3612 1297 3655 con·
1333 3597 1336 3602 ’

316 3693 497 3772 eludentes,
523 3693 651 3760 Paulum
674 3692 728 3760 hie
748 3717 839 3782 egere
860 3693 900 3760 de
924 3695 1049 3782 objecto
1065 3695 1161 3780 iidei,
1186 3717 1299 3784 nempe

314 3797 390 3864 Jesu
416 3794 564 3877 Christo,
588 3797 643 3888 qui
667 3795 752 3864 hune
775 3797 807 3862 in
827 3798 980 3864 mundum
999 3800 1085 3865 venit
1102 3812 1135 3866 et
1153 3799 1299 3866 omnibus

350 4058 390 4126 (1)
426 4059 465 4111 Ci'.
486 4058 552 4132 Epir·
573 4060 615 4111 Vi·
638 4061 685 4113 19:
706 4071 863 4134 μυστήριον
885 4059 938 4116 reti
957 4068 1143 4146 ιοαγγιλίοο.

351 4151 391 4219 (2)
431 4150 559 4207 cnttt.

301 4313 305 4324 Ι

415 4327 420 4340 ⁸
