2958 5096
606 484 675 554 tet

144 719 274 814 ciplinis
312 733 347 788 nt
383 722 588 814 patefactioni
628 721 827 791 Christianae
855 724 909 791 lux
933 727 1127 811 affunditur,

147 831 196 894 sic
217 828 273 894 has
293 841 404 894 mutuo
424 827 496 894 luce
514 849 569 892 sua
593 829 689 895 donat
704 830 896 918 patefactio;
925 834 1029 898 omnia
1043 833 1129 899 enim

147 957 232 1022 quae
264 947 355 1014 sunt,
376 933 484 998 unius
516 932 575 998 Ilei
604 945 675 999 sunt
708 955 824 1022 opera,
862 958 943 1026 quae
980 937 1063 1002 inter
1097 959 1129 1003 se

147 1061 291 1127 pugnare
316 1049 488 1129 nequeunt.
536 1037 730 1104 Nominatim
757 1035 811 1104 hic
840 1041 996 1106 afferimus
1022 1043 1128 1108 Histo·

145 1143 463 1225 riamhumanitatis‚
489 1141 741 1231 Physiologiam,
765 1141 1023 1234 Psychologiam,
1044 1144 1129 1232 Phy-

150 1248 266 1329 sioam,
301 1247 569 1338 Metaphpsicom,
599 1269 680 1336 quae
708 1249 921 1337 maximopere
941 1250 1128 1339 patefactio-

146 1375 220 1420 nem
252 1353 283 1417 in
318 1351 444 1420 Christo
477 1353 581 1418 datam
612 1352 780 1421 illustrant.
828 1355 897 1419 llas
919 1367 1023 1422 autem
1047 1355 1128 1420 doc-

147 1459 251 1524 trinae
272 1459 424 1523 continno
447 1458 544 1546 magis
563 1456 770 1536 excoluntur,
793 1455 972 1547 harumque
992 1457 1130 1524 cultores
1155 1535 1158 1542 ¹

146 1564 181 1628 in
205 1561 272 1628 dies
296 1563 336 1628 de
359 1585 464 1628 rernm
491 1561 604 1628 caussis
623 1561 825 1652 finibusque,
850 1563 890 1628 de
912 1561 1051 1630 hominis
1073 1587 1130 1629 na·

144 1681 218 1734 tura
253 1689 290 1733 ac
327 1667 432 1734 indole
466 1681 531 1734 tam
560 1666 717 1757 corporali
747 1689 844 1754 quam
866 1667 1024 1757 spirituali
1048 1668 1133 1736 fiunt

96 1814 97 1820 κ
145 1773 308 1840 certiores.
338 1775 430 1866 ¹Quo
459 1772 582 1840 enixius
606 1785 638 1838 et
664 1772 841 1838 accuratius
864 1769 925 1838 hac
947 1773 981 1838 in
1003 1795 1037 1838 re
1055 1795 1130 1862 pro-

146 1877 285 1957 cedunt,
317 1868 521 1968 alodiumque
539 1876 747 1967 disciplinae,
775 1877 829 1942 cui
851 1900 979 1967 operam
1005 1879 1130 1968 impen-

142 1981 226 2048 dunt
240 1984 425 2064 maximam,
451 1985 647 2072 conjungunt
669 2004 743 2055 cum
766 1980 942 2071 disciplinis
970 1982 1059 2065 aliis,
1091 2005 1130 2048 eo

142 2087 242 2176 magis
255 2087 365 2152 'omnia
383 2110 464 2176 quae
487 2099 586 2176 agunt
607 2085 682 2175 ipsis
694 2087 775 2151 fiunt
789 2085 895 2166 clara,
919 2109 1020 2176 eoque
1033 2073 1130 2152 lucu·
1154 2167 1157 2174 .

140 2189 258 2259 lentius
280 2213 344 2258 sese
368 2191 506 2258 ostendit
531 2190 735 2280 magnificum
762 2191 877 2256 amoris
899 2214 935 2256 ac
958 2191 1130 2281 sapientiae

140 2294 269 2361 divinae
296 2297 329 2362 in
351 2297 496 2361 omnibus
518 2295 613 2361 rebus
636 2293 808 2362 theatrum.
856 2297 924 2361 Hae
945 2297 1044 2386 igitur
1064 2297 1129 2362 dis·

141 2398 280 2490 ciplinae
300 2402 451 2467 continua
475 2401 574 2491 magis
606 2413 791 2490 argumenta
826 2423 880 2466 sua
911 2399 1128 2482 illustrantes,

139 2527 206 2570 non
237 2519 365 2596 possunt
386 2529 448 2571 non
473 2529 618 2596 pugnare
644 2527 714 2571 cum
740 2505 927 2596 Dogmatioa
950 2502 1128 2573 Christiana

142 2611 198 2691 el,
215 2629 312 2699 ‘quae
331 2611 553 2700 patefactionis
573 2607 776 2679 Christianae
802 2607 1128 2700 argumenta'gravis-

140 2714 219 2780 sima
241 2737 290 2780 res
311 2701 374 2779 non
397 2714 616 2805 intelligendas
640 2737 705 2782 esse
727 2711 891 2804 perhibet.
924 2715 992 2781 Hae
1013 2738 1129 2806 nempe

139 2839 190 2884 res
219 2841 282 2914 non
313 2818 447 2908 amplius
476 2831 606 2908 possunt
643 2819 816 2899 illustrari,
850 2841 954 2907 neque
977 2823 1129 2910 temporis

136 2942 326 3012 progressa,
356 2945 461 3011 neque
492 2923 565 2988 luce
599 2922 826 3012 accipiendis
853 2922 1029 3013 disciplinis
1055 2947 1127 2991 cae·

137 3027 233 3096 teris:
267 3017 403 3118 namque
434 3027 616 3093 humanum*
639 3027 802 3117 ingenium
827 3027 921 3120 plane
944 3029 1047 3118 impar
1069 3027 1127 3096 lta-
1246 3047 1248 3056 ’

138 3134 233 3198 betur
265 3133 304 3198 iis
326 3133 552 3223 intelligendis.
599 3132 916 3222 Disciplinaeigitur
937 3155 987 3198 res
1011 3134 1127 3202 similes

137 3251 349 3326 exponentes,
382 3259 515 3327 quarum
553 3236 630 3305 haec
664 3238 813 3304 continua
837 3239 953 3328 gautlet
971 3237 1127 3329 'progres-

138 3344 247 3423 sione,
276 3342 330 3408 illa
352 3343 471 3413 stabilis
495 3355 624 3423 manet,
647 3363 713 3407 eon
739 3355 869 3432 possunt
894 3343 955 3408 sibl
975 3344 1156 3422 auxilium,

137 3460 298 3538 praestare
320 3471 357 3514 ac
380 3447 484 3514 lucem
508 3448 679 3516 affundens.
716 3447 902 3536 Dogmatica
921 3471 997 3515 vero
1018 3445 1127 3515 Chris·

136 3553 223 3616 tiana
264 3551 509 3642 patefactionem
546 3575 609 3616 non
644 3549 763 3618 habens
800 3565 998 3618 constantem
1032 3554 1126 3621 rebus

137 3677 204 3722 non
236 3656 447 3747 intelligendis
477 3657 619 3744 adeoque
646 3679 708 3734 nan
731 3645 790 3737 eo,
815 3655 909 3744 quod¹
923 3657 963 3724 sit
982 3658 1124 3740 stabilia,

138 3760 316 3851 impedita,
361 3760 512 3827 facillime
553 3761 729 3852 disciplinis
760 3762 907 3845 omnihus
940 3761 987 3827 uti
1020 3777 1125 3852 potest

135 3865 301 3944 fontibus,
327 3878 362 3931 ut
385 3867 429 3932 ita
453 3866 614 3946 dicamus,
633 3865 849 3932 secundariis.¹
885 3865 1008 3946 Verbo,
1032 3891 1126 3956 argu-

135 3981 282 4035 mentum
313 3971 512 4062 Dogmatioes
544 3971 641 4062 magis
671 3970 823 4040 illustrari
842 3957 884 4038 'ac
907 3973 1124 4060 commendari

134 4085 262 4166 potest,
298 4076 356 4160 si,·
376 4077 454 4164 «lesu
484 4091 517 4145 et
541 4077 700 4168 Apostolis
730 4078 901 4160 obsecuta,
933 4078 1122 4148 amicissimo

132 4179 390 4270 conspiratoum
413 4182 545 4250 caeteris
570 4181 758 4273 discipttuis,
783 4237 786 4244 .
873 4237 876 4242 .

857 4293 894 4355 ll

1315 905 1340 950 ἅ·
