2958 5096
782 451 851 524 106

278 727 290 756 ο
363 687 485 757 Gradus
513 688 711 757 ‘initiationis
750 709 824 754 raro
853 697 942 752 erant
977 682 1113 754 diversi:
1153 680 1304 750 distincta

319 795 406 864 enim
441 795 591 880 mysteria
629 806 719 861 erant
749 793 784 858 in
804 798 900 880 μικρὰ
923 804 956 861 et
982 791 1132 876 μεγάλα,
1171 808 1308 879 qnorum

316 897 370 970 illa
394 899 434 968 ad
459 898 538 966 haec
562 898 652 988 quasi
674 910 764 964 erant
784 896 988 988 praeparatio
998 897 1069 984 (1),
1091 895 1136 963 ita
1167 907 1203 964 nt
1227 892 1305 974 ille,

318 1006 375 1095 qui
409 1009 544 1096 magnis
577 1005 695 1070 initiari
722 1017 875 1094 cuperet,
912 1001 1036 1071 nonnisi
1067 1023 1149 1069 anno
1178 999 1308 1088 elapso,

318 1121 487 1202 postquam
516 1111 621 1199 parvis
651 1127 729 1176 esset
759 1109 903 1176 initiatus
917 1157 928 1190 ,
954 1108 1037 1198 juris
1068 1105 1162 1194 hujus
1189 1126 1226 1170 ac
1248 1100 1310 1170 ho-

319 1215 405 1284 noris
433 1215 593 1304 particeps
626 1215 695 1282 fieri
723 1227 837 1304 posset.
888 1215 957 1300 Quo
978 1214 1085 1294 facto,
1122 1209 1233 1301 paucis
1254 1229 1310 1274 ex·

320 1318 443 1409 ceptis,
470 1341 552 1407 quae
581 1319 800 1386 tantummodo
832 1318 1010 1384 sacerdotes
1039 1317 1119 1384 scire
1144 1314 1189 1380 fas
1216 1323 1309 1394 erat,

321 1423 468 1490 omnibns
487 1423 513 1490 is
530 1422 775 1504 instituebatur,
799 1445 880 1512 quae
898 1421 938 1488 ad
959 1421 1110 1510 mysteria
1131 1416 1311 1506 rite'pera·

257 1564 263 1574 ·
320 1527 423 1618 penda
453 1550 627 1617 eorumque
651 1527 899 1618 cognoscendam
928 1526 1067 1594 indolem
1087 1536 1186 1593 totam
1209 1521 1312 1613 perti·

321 1633 452 1702 nebant.
499 1634 604 1718 Hinc,
634 1633 691 1721 qui
719 1637 854 1724 magnis
886 1631 1029 1704 initiatus
1057 1642 1146 1714 erat,
1173 1635 1310 1713 ἐπόπτης

321 1737 488 1808 dicebatur
503 1737 565 1826 (2).
616 1738 659 1806 lis
690 1751 818 1823 autem,
848 1738 904 1827 qui
936 1735 1058 1807 initiari
1079 1733 1212 1818 vellent,
1248 1732 1311 1800 de-

222 1885 226 1890 ·
322 1841 420 1911 hebet
460 1863 525 1908 ease
562 1841 726 1931 integritas
772 1841 869 1910 animi
886 1882 893 1888 ·
913 1853 946 1908 et
989 1841 1153 1930 corporis,
1192 1860 1310 1926 quam-

322 1947 435 2014 obrem
462 1967 520 2036 per
545 1957 669 2036 tempus
691 1946 851 2036 quoddam
874 1958 948 2014 ante
972 1945 1185 2014 initiationem
1205 1965 1238 2010 se
1258 1964 1312 2010 sc-

322 2050 478 2138 parabant
517 2050 558 2116 ab
604 2048 770 2142 hominnm
811 2050 975 2144 consortio
988 2100 997 2129 ‚
1048 2061 1083 2118 ut
1126 2047 1186 2113 sibi
1228 2044 1313 2115 hanc

322 2166 543 2246 compararent
578 2153 804 2244 integritatem.
859 2154 961 2224 Vestis
995 2153 1134 2242 denique
1146 2202 1157 2237 ,
1192 2151 1225 2216 in
1248 2173 1313 2240 qua

322 2259 394 2349 quis
416 2270 484 2326 erat
510 2258 675 2338 initiatus,
708 2281 765 2348 per
794 2270 896 2326 totam
918 2259 1015 2327 ritum
1042 2269 1131 2326 tanto
1152 2254 1313 2326 afficieba-

324 2375 376 2432 tur
405 2361 549 2445 honore,
584 2376 619 2430 ut
651 2385 738 2433 sacra
766 2361 960 2446 haberetur,
998 2374 1030 2432 et
1051 2359 1313 2428 vetustate'lace-

322 2481 409 2538 ratae
432 2471 500 2557 ejus
522 2481 628 2536 tamen
651 2467 796 2558 religiose
816 2480 922 2557 partes
947 2466 1130 2556 superstites
1149 2485 1311 2532 servaren-

322 2585 396 2653 tur,
428 2573 544 2661 quibus
577 2571 817 2642 involvebantur
844 2572 912 2640 fere
942 2571 1100 2652 inlautes;
1138 2568 1213 2660 quin
1235 2565 1313 2634 huic

272 2723 276 2734 .
322 2678 401 2744 resti
424 2677 470 2742 ris
486 2677 725 2744 adscribebotur
744 2676 861 2744 eximia
880 2677 919 2744 ad
934 2675 1166 2748 incantationes
1177 2665 1315 2762 cujusvis

322 2781 446 2872 generis
470 2782 500 2846 ri
525 2781 618 2849 noxia
643 2781 836 2871 privandas(
860 2783 886 2870 ).

368 2886 438 2953 Non
473 2886 604 2976 quidem
619 2887 785 2957 ‘Romanis
822 2887 978 2976 ejusmodi
1009 2887 1109 2965 festa,
1140 2882 1315 2972 inquibus

325 3012 439 3064 meana
456 2991 557 3060 multa
574 2991 770 3081 agebantur,
791 3013 925 3062 numero
938 2990 1031 3081 plura
1043 2990 1152 3062 fuere:
1174 2999 1315 3056 attamen

325 3121 400 3166 oum
422 3095 601 3186 respublica
621 3098 762 3165 Romana
776 3096 1036 3170 consuetudinem
1047 3106 1155 3184 ageret
1165 3112 1314 3181 magnam

327 3223 398 3268 oum
422 3201 577 3280 Graecia,
602 3213 634 3268 et
655 3200 891 3290 megnaltaliac
906 3223 998 3290 pars,
1021 3184 1316 3287 aGraecisquippe

328 3304 436 3372 multis
458 3302 621 3386 habitata,
656 3305 869 3396 appellaretur
891 3308 1002 3397 Magna
1027 3305 1181 3384 Graecia,
1205 3301 1312 3390 conji-

362 3554 402 3626 (l)
438 3555 514 3624 Sira,
534 3561 563 3606 ut
580 3556 618 3607 ait
636 3555 834 3612 annotarunt
847 3556 979 3626 Aristopt.
990 3553 1188 3610 murteam.
1200 3569 1236 3606 rc.
1250 3550 1278 3607 2.
1288 3567 1316 3604 r.

327 3640 401 3720 βδὸ,
416 3643 617 3710 προκάθαρσις
636 3644 686 3694 nul
705 3645 892 3712 arpooirrrvose
910 3644 969 3693 τῶν
987 3642 1132 3708 μεγάλων.
1198 3665 1206 3674 .

363 3713 415 3804 (2).
438 3735 542 3789 Sumus:
579 3741 613 3790 Οἱ
631 3744 669 3792 τὰ
687 3745 811 3812 μυςὴρια
831 3741 1113 3812 παραλαμβάνοντες
1133 3739 1268 3808 ttyovva·
1286 3737 1318 3792 lu

259 3851 265 3859 ’
329 3823 406 3892 ἀρχῆ
430 3820 481 3884 μὲν
498 3811 612 3886 tricas)
630 3828 706 3888 μετὰ
725 3827 856 3880 ἐνιαυτὸν
877 3823 929 3888 dl,
958 3823 1104 3887 tuturos,
1131 3823 1181 3880 sol
1200 3820 1320 3890 imm,

332 3903 373 3972 (in
391 3917 454 3956 voce
471 3903 624 3971 rotarat).

366 4001 411 4071 (3)
448 4001 534 4058 Etiam
561 4005 637 4060 restio
664 4004 800 4062 interdurn
825 4007 882 4063 Deo
905 4001 1013 4064 cuidam
1032 4001 1254 4072 mmaorabawr3
1282 4004 1326 4060 et.

331 4085 404 4138 locus
436 4085 590 4143 cetorum
617 4093 649 4142 od
671 4090 803 4162 aristoph.
828 4088 970 4158 laudatus,
996 4097 1025 4144 et
1041 4087 1076 4144 da
1093 4085 1234 4159 dirputatir
1254 4089 1324 4148 trai-

330 4186 401 4224 rarse
419 4188 444 4226 r.
463 4188 486 4226 r.
505 4189 643 4243 aaaron,
671 4177 690 4228 l·
710 4177 728 4228 l.
746 4195 774 4248 p.
792 4177 842 4234 art
863 4176 929 4234 uuir.
948 4175 1055 4247 aliique.

912 4329 996 4352 buu
