2958 5096
799 479 869 554 138

336 713 482 786 habuisse
505 735 570 784 uon
593 713 853 806 intelligendam,
882 737 942 798 ao,
967 727 1003 784 ut
1028 735 1058 788 s.
1080 736 1113 804 p.
1136 711 1326 782 Concilium

338 822 589 902 Tridentium,
615 822 744 888 demum
768 821 867 890 atsere
889 821 952 890 rita
976 819 1185 890 revelandam.
1210 819 1327 885 Jesuna

339 926 502 998 Christum
524 927 661 1018 inpane
682 940 715 996 et
736 928 810 994 sino
828 939 1026 1017 praesentem
1055 925 1184 1005 adesse,
1214 923 1328 989 videu-

339 1045 393 1100 tur
426 1055 534 1100 omnes
569 1033 758 1102 affirmasse:
793 1031 906 1100 modus
936 1045 1062 1116 summ,
1097 1030 1146 1096 uti
1166 1027 1329 1106 vidimus,

340 1139 382 1208 ab
414 1137 484 1210 aliis
506 1137 600 1206 aliter
620 1137 846 1228 explicabatur.
894 1139 985 1204 Hanc
1008 1136 1220 1227 praesentiam
1242 1153 1327 1224 qua-

340 1243 532 1334 lemcunque
570 1242 711 1312 Ecclesia
745 1241 837 1312 solita
871 1242 934 1310 fuit
965 1239 1125 1332 appellare
1161 1261 1232 1306 roro
1261 1257 1327 1302 aon

340 1350 608 1440 intelligendum.

389 1453 521 1540 Quando
550 1477 625 1520 rerc
657 1453 714 1522 tali
743 1455 866 1524 ratione
903 1451 1123 1544 appellabatur
1160 1445 1328 1518 conversio

342 1555 416 1638 itta,
450 1557 547 1623 hebet
573 1553 633 1624 ‘ant
665 1555 748 1625 hanc
778 1559 820 1624 ob
855 1581 1000 1639 causam,
1034 1555 1120 1647 quod
1154 1577 1219 1620 nou
1246 1563 1328 1618 esset

247 1713 254 1726 ,
342 1659 587 1750 explicandum,
618 1683 682 1750 qua
704 1663 828 1730 ratione
849 1659 929 1730 haec
951 1660 1158 1728 commutatio
1180 1658 1272 1749 panis
1292 1668 1328 1722 et

342 1766 408 1832 vini
440 1766 474 1832 in
509 1753 635 1832 carnem
667 1779 700 1834 et
722 1767 904 1854 sanguinem
928 1766 1033 1834 locum
1057 1764 1213 1834 haberet:
1248 1774 1329 1842 aut,

343 1870 526 1961 quomodo,
550 1869 632 1936 salvo
655 1871 714 1938 issa
738 1872 1009 1952 commutatione,
1033 1870 1238 1938 nihilominus
1255 1889 1330 1957 spe·

342 1974 406 2042 cies
428 1976 519 2065 panis
542 1975 672 2065 riuique
695 1990 893 2048 remaneret:
925 1977 1084 2068 quomodo
1106 1961 1184 2044 iesu
1208 1971 1330 2040 Cirristi

342 2101 457 2170 corpus
492 2092 525 2148 et
554 2081 677 2171 sanguia
700 2105 719 2148 a
743 2081 947 2150 credentibus
970 2093 1233 2158 consumeretur,
1269 2077 1331 2142 sub

342 2185 449 2276 specie
480 2197 587 2254 autem
610 2186 701 2275 panis
724 2199 757 2254 et
779 2187 925 2277 vini(t):
958 2184 1038 2254 haee
1060 2185 1166 2252 omnia
1188 2196 1221 2252 et
1245 2203 1330 2272 quae

343 2288 437 2380 hujus
472 2291 596 2380 generis
620 2290 712 2382 plura
736 2304 832 2373 suut,
867 2291 1010 2358 latebant
1032 2313 1181 2382 prorsus,
1217 2299 1250 2356 et
1273 2287 1334 2352 iu·

343 2393 474 2464 tellectu
508 2397 649 2462 humano
673 2417 736 2464 non
759 2407 849 2464 erant
873 2397 1038 2486 capienda.
1085 2396 1152 2464 flac
1176 2393 1218 2462 de
1236 2413 1329 2462 eausa

343 2497 432 2568 istius
456 2499 524 2568 aeri
548 2497 691 2568 homiues
713 2499 793 2570 haec
815 2500 920 2566 omnia
935 2501 1009 2589 fids
1031 2497 1254 2570 tantummodo
1271 2517 1331 2562 ec-

344 2602 490 2692 eipienda
513 2604 701 2684 voluerunt,
726 2627 830 2696 neque
846 2605 1044 2674 discutienda
1057 2606 1200 2674 ratione:
1227 2623 1329 2689 eaque

344 2707 576 2793 defenderunt,
600 2709 798 2800 appellando¹
812 2711 852 2777 ad
866 2711 925 2778 Dei
939 2710 1214 2802 omnipotentiam.
1238 2706 1328 2775 Tales

344 2812 430 2880 euim
464 2836 514 2880 res
547 2815 635 2882 credi
670 2815 888 2884 tantummodo
923 2827 1078 2907 possunt,
1120 2813 1257 2903 intelligi
1293 2833 1330 2878 ae

345 2941 386 2984 ne
420 2918 529 2985 sentiri
562 2918 716 3008 quidem,
753 2921 839 3009 quod
874 2920 1048 2989 lectoribus
1086 2942 1150 2984 uon
1173 2915 1328 3008 peculiari

346 3023 566 3113 disquisitione
583 3047 649 3092 esse
662 3024 885 3114 probandum,
902 3026 1091 3092 confidimus
1107 3045 1145 3092 ac
1157 3042 1331 3114 speramus.

394 3126 489 3196 Credi
520 3128 604 3196 euius
638 3130 733 3198 modo
756 3125 893 3220 potest,'
912 3143 984 3196 utra
1006 3127 1119 3196 harum
1144 3127 1329 3218 opinionum

347 3232 547 3322 accipiatur;
581 3233 695 3323 singuli
728 3234 814 3302 enirn
847 3233 962 3300 harum
995 3233 1178 3324 opinionum
1203 3227 1331 3322 patroni

346 3337 457 3406 Jesum
502 3335 663 3406 Christum
706 3339 740 3404 in
779 3361 862 3430 pane
908 3337 1127 3406 Eucharistiae
1158 3335 1331 3430 comedere

348 3441 409 3508 sibi
433 3439 629 3508 ridebantur.
677 3440 759 3510 Cum
783 3444 868 3509 euim
893 3448 926 3508 in
950 3463 1077 3509 carnem
1098 3454 1130 3508 et
1145 3439 1331 3530 sauguinem

346 3548 424 3616 lesu
448 3544 568 3614 Christi
589 3546 639 3614 sel
662 3548 909 3615 substantialiter
932 3548 997 3614 sive
1021 3544 1250 3638 corporaliter,
1280 3541 1334 3610 rel
1369 3553 1376 3570 '
1473 3577 1474 3580 ¹

347 3649 552 3744 spiritualiter
588 3665 781 3720 commutata
816 3653 878 3720 sint
911 3653 1001 3746 panis
1024 3665 1057 3718 et
1080 3651 1217 3731 sinum,
1251 3645 1335 3738 (sire
1376 3735 1379 3742 Ι

347 3755 545 3846 accipiatur,
577 3758 688 3828 lesum
723 3755 884 3829 Christum
916 3758 1252 3826 mnsubstautialiter
1273 3753 1335 3822 ad·

348 3883 413 3927 esse
436 3860 469 3930 in
494 3859 714 3943 Eucharistia,
737 3863 802 3930 sive
825 3863 1023 3955 »proprium
1048 3873 1081 3928 et
1104 3858 1248 3928 naturale
1261 3879 1337 3925 ocr-

292 4153 300 4164 ,
383 4101 426 4172 (1)
458 4099 538 4174 Quosl
562 4112 591 4158 et
607 4101 643 4160 ad
659 4105 842 4162 subtilissimas
858 4115 887 4162 et
903 4106 1043 4164 iudanom
1059 4104 1224 4178 quussstoaes
1242 4118 1340 4166 aaran

351 4182 448 4254 amas,
468 4187 505 4240 u.
524 4202 650 4260 armus,
668 4191 693 4244 u
710 4191 740 4247 s.
759 4191 873 4248 sassa
893 4195 936 4248 ss.
