2938 5080
787 397 838 472 32

770 641 790 726 ς
813 641 845 705 ο.

682 775 791 848 Ιῦοῐ.
815 775 875 844 Π.
902 779 934 846 l.
1438 825 1439 860 ,

312 891 444 979 Οὕτως
466 895 569 990 ἡμᾶς
592 891 807 991 λογιζέσθω
831 894 1056 989 ἄνθρωπος,
1083 892 1137 976 ὡς
1160 863 1299 992 duppi—
1438 863 1439 896 ³

361 1035 434 1092 τοις
445 1011 618 1104 Χριστοῦ
631 1009 700 1080 καὶ
713 1007 947 1104 οἰκονόμους
958 1012 1176 1102 μυστηρίων
1192 1011 1295 1082 Θεοῦ.

357 1157 477 1226 Probat
500 1154 554 1222 hic
577 1155 685 1238 locus,
715 1156 847 1222 Paulum
876 1179 909 1222 sc
931 1169 963 1222 et
987 1155 1125 1245 reliquos
1147 1157 1298 1246 Euange·
1354 1137 1357 1144 ¹

311 1262 348 1328 lii
370 1285 542 1354 praecones
556 1263 602 1350 (1)
625 1261 786 1353 appellare
809 1260 1033 1348 mysteriorum
1056 1260 1117 1326 Dei
1131 1260 1303 1352 ‚dispensa-

313 1379 410 1438 tores.
456 1367 628 1454 Mysten'c
656 1366 753 1457 igitur
785 1364 864 1432 haec
887 1366 1045 1434 debentur
1065 1366 1157 1448 Deo,
1189 1378 1301 1456 utpote

313 1493 424 1538 causae
446 1472 569 1562 primae
581 1520 592 1551 ,
612 1483 644 1536 et
668 1471 890 1560 dispensantur
912 1493 970 1560 per
991 1467 1124 1536 Paulum
1145 1482 1295 1536 caeteros·

311 1597 375 1666 que
404 1577 482 1644 Jcsu
499 1575 631 1640 nuncios
654 1576 737 1640 iuter
759 1576 887 1658 Gentes.
933 1575 1005 1642 Hoc
1026 1575 1126 1664 magis
1145 1575 1295 1642 manifes-

312 1695 382 1753 tum
399 1680 490 1766 nobis
510 1679 572 1760 lit,
594 1679 620 1744 si
641 1677 781 1746 adhunc
797 1677 903 1744 locum
916 1680 1140 1762 observemus,
1164 1677 1297 1746 Paulum

313 1785 347 1852 in
373 1784 658 1875 praecedentibus,
690 1783 766 1849 iude
796 1807 814 1849 a
840 1782 879 1852 0.
901 1785 964 1852 111.
990 1788 1122 1866 1-10‚
1151 1781 1241 1874 loqui
1261 1783 1301 1850 de

312 1888 550 1982 praedicatione
582 1887 747 1978 Euangelii
788 1888 872 1956 iuter
905 1885 1109 1969 Corinthios,
1139 1899 1237 1978 etque
1256 1910 1299 1956 rt.
1430 1877 1433 1888 ’

315 2001 354 2064 11
389 1995 546 2060 affirmare
584 2016 617 2060 se
647 1994 732 2060 inter
766 2015 843 2075 eos,
881 2006 1031 2084 tanquam
1060 1992 1303 2059 fundamentum

314 2097 426 2189 templi
450 2098 559 2164 Diriui
577 2101 692 2188 jecisse
712 2091 823 2166 Je'snm
847 2096 1009 2186 Christum
1021 2099 1095 2187 (2),
1122 2121 1220 2188 quem
1238 2097 1300 2188 igi-

315 2217 369 2270 tur
388 2202 541 2290 taudem,
564 2227 608 2271 rs.
621 2209 686 2286 23,
708 2202 810 2270 solum
831 2203 912 2270 dicit
939 2199 1180 2272 carinthiorum
1191 2200 1296 2269 Domi·

313 2329 413 2390 num3
440 2304 604 2397 hujusque
645 2308 747 2374 omnis
785 2293 945 2374 ratiocinii
982 2305 1218 2374 conclusionem
1245 2304 1293 2372 ha·

315 2412 386 2480 beri
407 2413 440 2478 in
466 2425 574 2478 nostru
595 2409 688 2481 loco:
718 2413 886 2502 »quisque
912 2414 1009 2504 igitur
1032 2412 1221 2502 (secuudum
1242 2429 1321 2492 ee,

315 2540 397 2608 qnae
424 2515 642 2608 explicuimus)
677 2539 733 2583 nos
767 2516 884 2585 habeat
908 2515 1027 2584 Christi
1054 2541 1160 2590 servos
1182 2531 1215 2586 et
1238 2517 1301 2584 dis·

314 2635 494 2714 pensatores
539 2623 761 2710 mysteriorum
795 2622 892 2690 Dei.”
950 2623 1054 2709 Quare
1080 2625 1155 2712 jure
1186 2620 1301 2688 merito

315 2725 506 2794 concludere
539 2725 714 2816 possimus,
745 2725 843 2820 Paulo
873 2727 969 2794 ctiam
1001 2725 1057 2794 hic
1078 2726 1211 2794 eandem
1237 2747 1302 2792 esse

315 2829 356 2898 de
380 2834 558 2920 μυστηρίοις
577 2831 788 2913 seutentiam,
807 2855 845 2899 uc
869 2833 901 2898 iu
922 2831 1018 2915 locis,
1040 2832 1081 2900 de
1100 2832 1218 2922 quibus
1234 2833 1302 2920 jam

315 2935 474 3020 ridimus3
500 2958 597 3028 quare
616 2934 672 3002 hic
693 2936 830 3028 amplius
853 2937 973 3004 morari
994 2949 1067 3006 non·
1079 2936 1203 3006 rtdetur
1223 2957 1302 3028 opus

317 3061 396 3109 esse.

361 3143 505 3234 Namque
527 3165 592 3210 non
613 3143 776 3235 impedit,
796 3146 965 3238 quominus
976 3147 1020 3214 ite
1033 3146 1304 3236 interpretemur,

318 3248 513 3328 observatio,
532 3248 664 3316 Paulum
688 3249 777 3342 loqui
793 3274 926 3320 numeru
936 3251 1054 3344 plurali
1063 3251 1104 3318 de
1113 3253 1303 3342 promptare.

319 3353 408 3446 Opus
438 3354 530 3452 euim!
554 3365 646 3422 snum
678 3370 914 3448 comparaverat
936 3379 1009 3423 cum
1030 3378 1126 3448 opere
1147 3351 1305 3441 architec-

317 3461 344 3528 ti
371 3457 443 3550 (3),
488 3482 586 3550 quare
631 3460 767 3552 singulus
804 3463 907 3554 operis
940 3475 1045 3554 partes
1082 3483 1167 3536 nunc
1197 3459 1304 3550 ipsum

201 3561 205 3568 ’
318 3578 496 3657 spectasse,
527 3565 696 3634 verisimile
729 3581 796 3648 est,
827 3568 905 3634 dum
934 3590 963 3637 c.
995 3567 1038 3636 11.
1071 3565 1170 3657 magis
1200 3575 1304 3632 totum

319 3669 439 3740 Christi
462 3692 540 3762 opus
564 3671 734 3762 respiciens
757 3672 841 3740 idem
860 3672 980 3740 dixerat
998 3675 1183 3762 μυστήριον.
1244 3729 1246 3736 ⁴
1279 3707 1305 3746 ·,

318 3847 472 3865 ———

356 3930 398 4002 (t)
437 3929 716 3986 cr.1.1.1n.s.22.

355 4028 397 4098 (a)
436 4027 476 4081 cr.
490 4025 729 4092 nontamen,
753 4027 1043 4099 vuarnestun,
1064 4011 1140 4084 isto.
1162 4047 1189 4098 p.
1203 4026 1264 4082 res.
1304 4087 1309 4096 ,

357 4125 400 4196 (³)
440 4127 609 4180 runo-12
