2958 5096
628 503 696 572 165

166 743 198 798 et
228 733 465 826 ‘Apostolorum
511 737 616 804 menta
648 738 710 802 sint
743 719 895 824 μυστήρτα
929 737 961 803 ἰττ
995 738 1148 830 religione

168 832 367 926 Christiana,
399 861 509 930 eaque*
529 842 633 908 locum
662 853 818 932 occupare
839 843 1081 933 disputationis,
1113 846 1146 909 in

165 943 310 1036 pluribus
337 947 541 1038 Dogmaticae
565 945 761 1014 Christianos
781 945 1001 1035 systematihus
1025 949 1150 1017 inveni·¹

168 1049 287 1126 undae}
321 1053 521 1140 probandum
548 1052 612 1146 sihi
638 1051 808 1131 sumentis,
842 1051 989 1139 mysteria
1011 1075 1076 1120 esse
1097 1077 1145 1118 res

165 1157 227 1219 nori
253 1155 482 1246 intelligendas.
531 1159 573 1223 At
601 1155 786 1222 res'ct‘hac
809 1155 930 1222 ratione
949 1158 998 1246 agi
1018 1168 1149 1248 potest,'

164 1269 200 1326 ut
215 1286 217 1296 ·
232 1261 426 1350 inquirentes
451 1263 483 1326 in
506 1245 640 1353 singulas
663 1285 711 1327 res
734 1264 766 1327 iu
790 1261 942 1351 religione
962 1261 1143 1344 Christiana

166 1365 282 1431 obrias
304 1366 398 1458 simul
432 1368 648 1456 inquiramus,
678 1367 764 1457 quali
794 1367 921 1433 ratione·
937 1367 1144 1458 contemplati

165 1471 226 1536 sint
248 1471 356 1538 ‘Je's'us
387 1473 517 1564 ejusque
555 1471 699 1561 Apostoli
730 1471 785 1538 has
818 1495 887 1557 res,
920 1495 957 1538 ac
984 1474 1143 1562 quomodo

126 1590 129 1603 ¹
162 1570 270 1641 earurri
301 1575 526 1667 contemplatio
549 1573 750 1644 cumrerum
778 1578 916 1668 ipserum
939 1577 1044 1644 indole
1063 1600 1143 1644 corr-

162 1679 278 1746 veniat.
319 1682 412 1749 'Utra
449 1679 560 1747 harum
589 1684 747 1748 rationum
778 1682 894 1764 melior
933 1681 973 1748 sit
1008 1683 1148 1770 ideoque

163 1784 339 1874 eligendas
352 1785 478 1852 deliniri
495 1788 544 1852 rix
563 1801 685 1877 potest,
709 1809 781 1854 oum
803 1785 863 1853 hoc
881 1786 974 1878 plane
998 1785 1143 1875 acujus·

163 1909 287 1978 cunque
318 1893 455 1958 auctoris
484 1895 615 1983 personis
639 1907 671 1960 et
694 1894 853 1960 scribendi
874 1891 1005 1958 consilio
1031 1895 1067 1958 'ae
1091 1915 1140 1956 ra-

163 1995 248 2062 tione
289 1997 428 2086 pendere
469 1997 638 2062 dicendum
682 1997 733 2066 sit.
767 2031 812 2047 -
843 1996 1027 2087 Negligatur
1067 2020 1141 2062 vero
1254 2055 1258 2064 .

162 2123 361 2191 nequaquam
390 2101 543 2192 expositio
573 2085 808 2191 contemplandi
832 2101 962 2168 rationis
985 2101 1141 2167 Ecclesiae

161 2204 222 2272 hoo
244 2205 336 2272 illore
357 2192 509 2296 ternpore¹
527 2205 668 2272 usitatae.
698 2209 766 2293 Quo
785 2206 880 2272 modo
903 2209 986 2272 enim
1010 2205 1139 2272 historia

160 2311 273 2378 muudi
305 2309 574 2378 antes-Christiani
603 2323 669 2378 tota
698 2311 915 2400 conjungenda
939 2325 985 2378 est
1012 2334 1084 2378 oum
1106 2335 1140 2376 re

164 2413 360 2498 Christiana,
384 2415 501 2482 eudem·
518 2421 550 2482 et
570 2417 699 2505 quaevis
718 2439 783 2482 rem
808 2414 1019 2482 Christianam
1036 2419 1139 2504 ejusve

161 2533 282 2611 partem
307 2519 542 2612 contemplandi
568 2522 672 2601 ratio,
698 2545 778 2614 quae
797 2523 956 2588 Ecclesiae
970 2523 1058 2588 rald'e
1072 2523 1140 2612 pla·
1203 2551 1206 2559 ¹

160 2627 246 2707 cuit,
288 2646 411 2716 semper
449 2627 482 2692 in
524 2625 702 2716 dogmatica
735 2625 913 2694 Christiani
940 2618 1139 2716 ¹respicienda

159 2744 205 2798 ast
229 2754 268 2800 eo
289 2732 373 2812 fine,
398 2745 527 2803 utrem
549 2729 743 2822 recipiantur
767 2747 820 2800 aut
833 2747 1023 2810 teneantur,
1044 2757 1139 2822 prava

160 2835 353 2924 rejiciantur.
386 2869 432 2888 -··
454 2837 579 2905 Verho:
615 2837 806 2903 restituenda
832 2855 878 2902 est
899 2837 930 2900 in
958 2838 1146 2925 Dogmatica·

160 2937 336 3006 Christiana
368 2963 515 3032 germana
547 2943 623 3023 lesu
656 2941 941 3031 Apostolorumque
962 2921 1001 3006 de
1023 2968 1138 3027 μυστη-

158 3049 235 3132 ρίοις
260 3045 414 3112 sentiendi
436 3047 529 3112 ratio.

202 3153 253 3218 Ne
277 3152 409 3240 objiciat
435 3173 508 3216 sero
530 3152 620 3242 quis,
643 3149 725 3216 hanc
748 3150 903 3218 sentiendi
925 3150 1080 3216 rationem
1098 3150 1138 3216 ab

157 3257 322 3326 Ecclesiae
347 3238 545 3326 Christianae
576 3279 632 3322 usu
659 3279 786 3346 prorsus
809 3278 876 3320 esse
898 3254 1054 3324 alienam!
1100 3256 1137 3320 ln

156 3362 255 3452 partis
279 3381 393 3452 nempe
416 3361 570 3429 secundae
591 3361 683 3426 initio
704 3357 799 3426 verho
823 3359 1050 3443 indicarimus,
1074 3381 1136 3423 uon

155 3463 273 3556 rigere
291 3465 416 3532 desiisse
443 3467 476 3530 in
497 3465 638 3534 Ecclesia
665 3485 845 3556 germanam
868 3465 944 3532 Jesu
971 3463 1136 3563 Apostolo-

155 3595 298 3659 rumque'
320 3571 527 3641 sententiam:
563 3569 720 3659 hujusque
750 3568 812 3636 loci
842 3593 907 3634 esse
929 3561 1075 3648 videtur,
1102 3567 1158 3632 id-

154 3675 302 3764 plurihus'
320 3677 503 3758 ostendere,
528 3690 564 3742 ut
582 3675 655 3742 satis
667 3674 810 3763 liquent,
834 3671 1022 3738 auctoritate
1039 3673 1133 3738 etiam

153 3781 371 3848 Ecclesiastico
384 3805 440 3847 nos
458 3783 505 3847 uti
517 3805 605 3872 posse
620 3832 630 3862 ,
651 3803 712 3870 qua
724 3779 787 3845 nixi
801 3779 838 3844 ad
852 3799 1032 3869 germanum
1048 3777 1133 3844 illam

153 3885 339 3953 seutentiam
361 3885 552 3958 recedamus.

199 3992 226 4058 A
262 3993 373 4081 primis
406 3991 478 4059 inde
507 3991 696 4083 incipientes
724 3987 883 4079 inquirere
912 3987 1134 4078 temporibus,

90 4121 93 4125 ¹
152 4095 337 4162 offendimus
371 4121 389 4163 e
421 4097 567 4164 Patribus
597 4096 786 4188 Apostoliois
807 4113 987 4172 rouarluu,
1012 4092 1068 4181 qui
1093 4095 1133 4158 ad

149 4201 300 4289 mysteria
323 4202 419 4270 refert
444 4202 656 4292 virginitatem
679 4203 815 4286 Mariae,
840 4203 969 4288 ejusque
986 4211 1131 4288 partum,
