2958 5096
725 469 731 484 '
769 509 840 582 rao

315 725 638 844 gpneris'salutisqne
660 742 738 812 huic
760 745 895 832 allatae,
916 759 1023 836 neque
1043 747 1146 812 minus
1169 732 1299 840 tempo-

319 873 392 917 rum
414 851 691 934 antecedentium,
713 850 829 940 quibus
845 849 984 916 nondum
1007 863 1108 947 emeat
1123 852 1301 941 patefactae

318 955 373 1021 sed
396 955 616 1040 desideratae,
640 968 694 1021 aut
713 956 866 1045 temporis
885 955 1008 1036 futuri,
1029 979 1093 1046 quo
1109 981 1143 1023 re
1163 971 1195 1024 et
1215 959 1301 1025 lacto

319 1060 474 1127 affuturae
505 1061 568 1126 sint
581 1110 590 1141 ‚
627 1059 859 1150 contempletur
891 1084 927 1127 ac
953 1062 1127 1152 perspiciat
1149 1064 1301 1130 continuo

319 1164 455 1254 planius.
500 1165 632 1231 Easdem
663 1187 737 1232 vero
769 1187 818 1232 res
848 1187 911 1232 nou
933 1163 1030 1256 possit
1052 1189 1116 1232 uou
1144 1168 1299 1248 aversari,

320 1269 346 1337 si
375 1268 468 1337 hasce
514 1268 701 1360 investigare
743 1271 805 1362 ipsi
837 1293 900 1337 uon
933 1269 1028 1337 liceat
1066 1272 1302 1363 earundemque

319 1375 543 1468 pervestigatio
574 1374 708 1442 Satanae
735 1399 814 1466 opus
853 1375 1053 1457 declaretur3
1086 1379 1300 1466 nequeenim

320 1481 493 1572 acquiescit
521 1480 668 1548 lubenter
696 1504 733 1546 ac
758 1480 853 1547 facile
874 1479 1014 1547 bumana
1036 1481 1142 1562 ratio,
1178 1505 1302 1574 semper

320 1585 498 1675 intelligere
519 1607 568 1652 res
590 1585 721 1676 cupiens
733 1630 743 1664 ,
767 1586 800 1649 in
824 1583 973 1676 placitis,
997 1609 1081 1674 quae
1098 1587 1161 1653 fide
1177 1600 1302 1654 tantum

321 1693 383 1784 ipsi
408 1692 554 1782 acccipere
581 1690 677 1775 licet,
703 1692 798 1779 quia,
822 1690 1044 1780 disquisitione
1067 1693 1229 1773 instituta,
1251 1715 1303 1758 ra-

319 1796 401 1864 tioni
427 1795 606 1886 probabilia
630 1795 721 1861 reddi
743 1809 916 1885 nequeunt.
943 1797 1046 1887 lgitur
1071 1799 1162 1864 nobis
1181 1799 1302 1890 liquet,

319 1899 425 1966 locum
457 1898 551 1985 hujus
573 1899 669 1988 pretii
693 1922 758 1964 esse
779 1900 812 1964 in
834 1921 868 1965 re
891 1900 1090 1989 dogmatici,
1119 1903 1205 1991 quod
1229 1925 1303 1967 ma-

315 2008 420 2096 jorem
457 2003 559 2070 lucem
598 2017 750 2094 appareat
779 2003 943 2070 effundere
961 2007 1170 2094 patefactioni
1195 2005 1304 2072 Chris·

322 2110 448 2192 tianae,
478 2121 511 2174 et
531 2107 635 2189 banc,
660 2121 729 2174 orta
754 2107 825 2175 luce
845 2111 988 2196 majore,
1012 2111 1111 2200 magis
1134 2133 1304 2178 commen-

322 2214 399 2280 dare
422 2211 586 2278 bominum
609 2214 722 2278 animis
740 2223 779 2280 ac'
796 2213 967 2282 mentibus.

367 2320 466 2384 Porro
496 2331 529 2384 et
561 2332 748 2410 argumento
766 2318 968 2409 Dogmatioes
992 2321 1136 2386 universe
1158 2332 1300 2412 spectato

326 2425 465 2514 pretium
479 2423 569 2489 affert
593 2423 679 2490 locus
702 2436 855 2490 tractatus
876 2422 1031 2512 aliquod,
1056 2426 1178 2492 ratione
1191 2448 1306 2515 nempe

324 2527 435 2595 habita
469 2528 603 2594 aliarum
629 2528 868 2619 disciplinarum
893 2527 1167 2619 Theologicarum.
1220 2531 1307 2614 Quae

327 2635 412 2699 enim
445 2634 479 2699 iu
511 2635 644 2701 caeteris
674 2633 848 2724 disciplinis
879 2632 1077 2724 Theologicis
1106 2648 1306 2724 exponuntur

324 2739 512 2828 conjungit,
554 2739 665 2806 saltem
706 2741 898 2830 conjungere
937 2753 1073 2806 conatur
1104 2739 1303 2829 Dogmatica.

234 2903 240 2914 .
325 2844 524 2910 Amicissime
544 2844 642 2932 igitur
661 2844 822 2934 conspirat
844 2842 1016 2934 Tbeologia
1034 2845 1212 2933 dogmatica
1230 2867 1305 2910 oum

324 2949 453 3038 Exegesi
482 2949 523 3017 N.
553 2951 614 3033 F.,
652 2949 678 3014 si
705 2949 856 3036 mysteria
880 2948 913 3012 iu
943 2947 1095 3037 religione
1126 2945 1306 3015 Christiana

325 3052 442 3120 babeat
469 3077 518 3120 res
541 3055 714 3145 patefactas
736 3067 791 3118 aut
815 3052 1069 3143 patefaciendas,
1093 3077 1130 3120 ac
1153 3054 1214 3119 rite
1237 3053 1307 3118 uti-

328 3172 381 3225 tur
415 3160 555 3226 llistoriai
577 3159 759 3240 Ecclesiae,
793 3159 926 3226 docente
951 3157 1195 3249 appellationem
1218 3183 1308 3247 mys·

328 3268 486 3330 terionem
509 3265 548 3330 de
573 3265 667 3331 rebus
685 3287 747 3329 nou
775 3261 985 3352 intelligendis
1007 3264 1176 3348 usitatam,
1203 3262 1308 3329 Theo·

327 3366 431 3460 logiae
474 3369 694 3458 systematibus
739 3367 900 3458 plerisque
933 3368 1117 3458 propriam,
1151 3369 1307 3458 originem

326 3476 469 3540 sumsisse
501 3497 537 3540 er
568 3474 711 3540 doctriuai
743 3472 974 3541 aeclesiastica.
1023 3473 1175 3562 Alioquin
1196 3497 1307 3541 resera

277 3625 282 3642 .
324 3579 733 3670 Theologiae,dogmaticae
753 3601 860 3668 pugna
883 3578 1001 3644 exsistit
1012 3580 1162 3669 llregesin
1177 3579 1260 3645 inter
1274 3591 1307 3645 et

324 3685 497 3751 Historiam
531 3685 713 3769 Ecclesiae,
752 3682 839 3748 illam
877 3683 1026 3770 mysteria
1057 3682 1229 3749 habentem
1253 3705 1303 3749 res

324 3789 497 3882 patefactas
518 3802 575 3857 aut
599 3787 856 3880 patefaciendas,
879 3786 962 3854 bauo
987 3811 1049 3853 nou
1072 3788 1303 3877 intelligendas.

371 3894 520 3983 Denique
553 3895 578 3960 si
613 3893 831 3961 consideretur
862 3906 1083 3982 argumentum
1104 3895 1307 3983 Dogmatioes

327 4001 498 4080 univerae,
543 3998 667 4066 ratione
709 3997 818 4063 habita
860 3996 994 4063 aliarum
1040 3997 1306 4088 disciplinarum,

327 4105 423 4172 etiam
461 4103 612 4172 illustrari
646 4117 678 4169 et
699 4102 916 4170 commendari
937 4106 1004 4192 ejus
1024 4118 1246 4194 argumentum
1269 4127 1308 4171 er

329 4211 400 4278 loco
423 4223 559 4280 tractato
577 4209 748 4278 dicendum
768 4221 825 4278 eat.
862 4210 918 4306 ,Ex
941 4209 1086 4282 omnibus
1107 4233 1223 4302 nempe
1240 4209 1308 4279 dis·
