2958 5096
618 511 688 586 113

161 743 326 832 homines,
348 745 430 836 qui,
452 746 580 835 juribus
602 745 840 838 privilegiisque
861 748 893 814 in
919 751 1047 818 o'iritate
1060 771 1146 844 gau·

163 853 274 919 dentes
290 871 305 932 ,·
326 852 461 927 maximo
486 851 586 918 solent
610 869 716 918 rerum
744 874 896 920 nonarum
920 851 996 920 duoi
1019 854 1145 923 timore.

165 959 269 1043 Quare
297 956 354 1044 qui
386 954 441 1022 bas
470 979 529 1046 pro
559 957 678 1022 viribus
707 979 894 1047 promovere
914 958 1062 1044 student,
1096 983 1147 1026 eas

162 1063 344 1152 saepissime
369 1061 538 1128 instituunt
563 1061 663 1128 lormd
684 1063 803 1128 servati
827 1061 977 1151 antiqui,
1009 1060 1148 1129 homini-

163 1169 225 1234 bus
245 1189 360 1256 nempe
385 1164 538 1234 haetenus
558 1167 758 1234 usitatissimi
781 1178 813 1233 et
834 1165 1065 1257 probatissimi.

211 1271 368 1360 Noritatis
388 1283 492 1338 autem
517 1271 654 1361 speeiem
676 1272 888 1361 maximopere
909 1269 1021 1360 religio
1041 1269 1148 1341 Chris·

163 1376 251 1444 tiana
263 1427 273 1458 ,
303 1398 400 1466 quum
430 1387 658 1466 propagaretur
680 1375 778 1465 magis
800 1374 983 1464 magisque,
1016 1397 1093 1466 prae
1115 1397 1148 1442 se

162 1481 288 1548 ferebat
317 1504 354 1548 ae
375 1479 513 1547 hahebat
538 1503 666 1550 resera:
699 1501 797 1570 quare
822 1477 991 1569 Apostolos
1012 1479 1148 1562 Paulus,
1197 1565 1199 1570 Δ
1290 1505 1293 1512 “

161 1586 309 1652 instituta
343 1585 484 1675 religiosa
521 1607 602 1674 quae
630 1599 703 1651 aute
729 1585 914 1674 religionem
938 1583 1148 1652 Christianam

160 1693 319 1774 aderant,
350 1690 511 1781 appellare
534 1689 642 1758 solitus
662 1703 710 1758 est
729 1697 768 1758 τὰ
794 1701 914 1780 ςοιχεῖα
937 1699 991 1758 τοῦ
1018 1699 1146 1778 κόσμου.
1202 1753 1206 1770 ,

162 1799 259 1868 Jesus
292 1796 362 1885 ,ipse
391 1795 588 1870 identidem,
623 1796 764 1885 quamvis
784 1796 940 1884 gradatim
962 1795 995 1860 id
1021 1807 1148 1886 ageret,

161 1900 331 1994 Apostolos
359 1899 399 1966 de
421 1899 535 1966 ritibus
558 1901 702 1968 Mosaiois
727 1900 914 1990 abrogandis
944 1901 1149 1981 instituerat,

161 2021 198 2075 et
240 2007 383 2072 universe
425 2026 531 2072 rerum
569 2019 769 2072 externarum
804 2006 985 2095 quatumvis
1018 2017 1050 2070 et
1078 2017 1148 2070 ter-

162 2133 313 2178 renarum
357 2107 497 2174 studium
540 2110 580 2176 ab
622 2109 660 2174 iis
701 2133 863 2176 removere
904 2123 1034 2176 conatus
1068 2121 1147 2178 erat.

162 2217 317 2305 Magnum
347 2214 445 2304 igitur
480 2228 637 2280 certamen
673 2214 820 2305 religioni
850 2215 1049 2282 Christianae
1081 2230 1150 2280 erat

71 2387 73 2400 ,
164 2321 343 2388 ineundum
381 2343 454 2386 eum
492 2320 643 2410 religione
675 2320 913 2401 Israelitarum,
955 2342 1016 2386 neo
1055 2318 1150 2384 modo

144 2449 240 2493 ¹attam
272 2423 353 2507 hae,
383 2426 448 2492 imo
477 2439 509 2492 et
539 2449 611 2494 oum
647 2428 836 2518 antiquitate
868 2428 957 2507 total,
991 2426 1023 2490 in
1061 2429 1150 2515 eujus

160 2530 253 2600 cultu
292 2531 438 2620 religioso
474 2554 524 2598 res
566 2545 713 2600 externae
752 2531 995 2622 praevalebant:
1050 2553 1150 2619 quum

162 2637 244 2704 festa
294 2635 466 2718 solennia,
510 2660 646 2728 pompae
693 2637 899 2728 magnificas,
952 2635 1149 2702 sacerdotum

161 2763 315 2814 numerus
348 2742 512 2830 copiosus,
545 2743 623 2808 ritus
654 2744 734 2810 sacri
759 2742 877 2808 infiniti
897 2741 1151 2830 numero,'pri·

163 2847 297 2912 mariam
332 2846 560 2913 constituerent
588 2849 655 2935 ejus
684 2859 820 2936 partem.
876 2847 1015 2912 Externa
1042 2857 1148 2910 autem

164 2951 241 3019 talia
281 2949 425 3038 religioni
463 2949 661 3016 Christianae
695 2972 758 3015 non
790 2949 990 3015 solum-non
1020 2950 1150 3040 propria

166 3056 278 3136 fuere,
307 3054 372 3120 imo
393 3054 499 3144 potius
525 3055 565 3122 ab
587 3079 623 3122 ea
650 3055 762 3124 aliena.
811 3056 919 3120 Totius
938 3052 1075 3119 hominis
1101 3053 1151 3118 in-

167 3161 250 3228 terni
270 3159 472 3240 emendatio,
497 3160 624 3249 vitaque
652 3173 758 3226 saneta
783 3159 1007 3248 requirebatur
1030 3158 1062 3224 in
1085 3160 1151 3248 ejus

167 3259 504 3358 professoribus,'nee
535 3289 552 3331 a
572 3265 715 3354 religiosi
733 3277 765 3330 et
791 3264 900 3330 striati
925 3263 1044 3330 rituum
1071 3285 1152 3352 quo·

167 3370 314 3436 rumdam
345 3369 562 3436 observatione
584 3368 715 3464 haeres
737 3368 937 3458 pendebant,
968 3367 1021 3434 sed
1045 3390 1152 3436 amore

168 3497 243 3565 erga
271 3475 374 3540 Deum
403 3487 568 3563 totumque
586 3471 890 3563 genushumanum,
924 3471 1052 3538 atinde
1076 3484 1150 3538 nato

83 3613 88 3626 ¹
156 3579 275 3648 ‚studio
296 3601 404 3642 rerum
427 3577 630 3659 coelestium,
654 3578 849 3644 constabant.

214 3686 301 3750 Haeo
322 3704 394 3748 oum
416 3681 457 3748 ita
482 3695 605 3763 essent,
632 3703 694 3746 non
718 3682 787 3747 lieri
810 3680 914 3772 potuit
941 3681 1020 3770 quin
1040 3701 1151 3769 magna

168 3787 335 3866 hominum
356 3786 469 3876 eopia,
488 3787 626 3875 antiquis
648 3799 679 3852 et
702 3786 838 3852 externis
859 3785 956 3874 magis
976 3783 1152 3862 delectata,

169 3895 219 3961 his
251 3893 366 3958 aeriter
398 3890 602 3960 adhaereret:
638 3915 696 3958 nee
729 3913 802 3956 sane
831 3889 1033 3969 mirandum,
1066 3887 1152 3977 quod

166 3999 227 4096 qqi
247 3997 405 4086 religionis
428 3993 624 4062 Christianae
648 3997 760 4062 fierent
780 3995 856 4060 soeii
884 4015 942 4074 ea,
973 4015 1054 4083 quae
1079 3993 1154 4058 ade·

167 4118 240 4170 rant
260 4115 410 4182 externa,
444 4103 640 4192 Baptismum
666 4114 697 4168 et
726 4101 760 4169 S.
791 4099 948 4179 Coenam,
978 4099 1079 4162 forma
1103 4097 1152 4162 in-

163 4210 300 4276 duerent
336 4207 466 4296 propius
498 4207 668 4274 assedente
698 4206 737 4272 ad
760 4205 893 4270 fornram
917 4205 1059 4282 rituum,
1096 4203 1151 4292 qui

885 4315 906 4374 3
992 4323 998 4336 ,
