2958 5096
770 441 843 514 tot
890 467 900 478 ‘

313 702 368 769 per
391 679 500 746 Jesum
521 675 682 752 Ohristorn
706 678 818 767 generi
837 675 975 750 humano
999 675 1181 765 patefecisse
1200 675 1296 744 idest

312 783 501 872 significasse
524 796 557 850 ct
577 770 733 856 credenda
766 783 936 871 injunxisse
958 787 1139 867 ciperente,
1163 803 1211 846 res
1230 801 1297 848 non

312 886 542 976 intelligendas.
571 907 574 912 ·
599 886 789 975 conjunctio
827 886 1037 976 apparitionis
1064 887 1144 954 lesu
1176 881 1300 952 Christi

313 1017 386 1061 curn
421 995 516 1078 totius
547 992 658 1058 mundi
690 992 815 1080 antiqui
847 990 979 1058 historiis
1012 1015 1048 1058 eo
1081 993 1140 1058 Dei
1164 990 1299 1065 humaui

193 1149 202 1162 .
300 1097 435 1189 generis
475 1097 673 1165 institutione
707 1109 743 1162 ut
774 1095 868 1187 plane
898 1094 1134 1186 negligeretur,
1168 1117 1296 1168 neeesse

313 1194 404 1281 erat',
436 1202 500 1266 imo
530 1202 572 1268 alr
598 1199 755 1280 hectote
776 1201 844 1268 lere
862 1213 1079 1290 separaretur:
1116 1224 1197 1290 quse
1218 1222 1299 1266 oon-

307 1306 435 1396 junctio
457 1307 517 1372 rite
536 1306 740 1386 observetur,
762 1328 800 1372 er
823 1318 928 1370 nostro
947 1318 1073 1380 mente,
1098 1306 1124 1372 si
1151 1305 1299 1395 patefec-

314 1413 359 1478 tio
383 1409 560 1477 Christiana
582 1433 645 1476 non
667 1410 761 1476 rebus
782 1432 845 1476 non
868 1409 1104 1500 intelligendis,
1128 1411 1181 1476 sed
1202 1409 1300 1484 rebus,

313 1515 479 1606 patefactis
511 1539 547 1582 oc
574 1515 689 1582 deinde
713 1515 941 1605 patefaciendis
963 1527 1105 1585 constare
1130 1513 1299 1583 habentur.

314 1619 421 1700 Facile
441 1620 540 1710 igitur
563 1643 645 1708 quas
664 1618 699 1690 h.
722 1619 744 1689 l.
765 1620 995 1696 indicarimus,
1021 1621 1112 1686 nobis
1125 1619 1301 1694 ostendere

314 1725 481 1809 ridentur,
514 1727 626 1815 quanti
658 1724 744 1792 loeus
764 1738 871 1790 noster
894 1725 1048 1790 momenti
1071 1725 1111 1796 sit
1132 1725 1166 1790 iu
1190 1721 1299 1790 Chris-

315 1827 448 1920 tologin:
481 1851 554 1894 nam
578 1830 699 1894 sersetd
729 1848 877 1918 germana
909 1828 950 1894 de
985 1829 1080 1894 rebus
1111 1820 1301 1906 Christianis

313 1936 391 2001 deso
425 1927 717 2024 Apostolorumque¹
741 1934 932 2016 sententia,
954 1955 1015 2000 uon
1047 1946 1150 2023 potest
1176 1955 1241 1998 uon
1266 1946 1300 1998 et

314 2039 389 2110 inde
412 2040 513 2127 major
532 2039 585 2106 lux
610 2037 728 2104 offundi
750 2039 826 2105 Jesu
848 2059 1022 2128 personae,
1059 2039 1172 2128 operi,
1195 2037 1300 2102 eonsi-

313 2143 381 2222 lio,
400 2157 497 2232 etque
516 2143 644 2232 majoris
668 2143 825 2210 aestimari
841 2166 877 2208 sc
893 2143 1110 2210 commendari
1126 2142 1299 2231 hocopus,

315 2247 376 2316 lico
401 2249 589 2333 consilium,
615 2271 652 2314 ee
673 2247 752 2314 haec
774 2270 921 2339 persone.
1270 2319 1273 2325 Δ

359 2353 462 2420 Nimis
495 2353 579 2442 longi
612 2354 745 2432 fiamus,
781 2367 813 2420 et
845 2353 980 2443 patienti
1012 2353 1125 2420 lectori
1156 2352 1302 2430 laborem

313 2480 475 2538 creemus,
511 2459 536 2522 si
574 2480 655 2546 quae
680 2456 834 2536 ,hactenus
858 2457 1072 2538 ostendimus,
1104 2479 1161 2548 per
1190 2477 1302 2524 omues

249 2603 258 2622 .
312 2562 514 2650 dogmatice,
538 2563 686 2652 persequi
717 2561 848 2628 velimus
876 2575 991 2660 partes,
1039 2563 1164 2641 Etenim
1188 2562 1300 2650 dispu-

312 2667 392 2731 tatio
424 2667 525 2736 omnis
561 2666 673 2744 eodem
705 2667 878 2748 identidem
916 2667 1045 2748 redeat,
1079 2679 1112 2732 et
1133 2679 1302 2756 repetetur

312 2794 407 2860 ergo,
443 2770 526 2862 quod
551 2771 629 2850 setis
649 2795 806 2862 superque
819 2774 886 2861 jem
911 2773 1086 2861 expositum
1111 2794 1175 2837 esse
1198 2771 1300 2837 eonfi-

314 2877 429 2960 dimus,
474 2874 604 2965 Singula
627 2876 725 2966 igitur
745 2875 834 2956 locs,
857 2876 972 2966 quibus
995 2875 1082 2942 locus
1106 2889 1301 2964 nosterpre·

314 2981 394 3047 tium
428 2980 539 3060 effert,
576 3002 762 3071 percurrere
796 2981 889 3048 facile
915 2994 1043 3071 potest,
1074 2983 1127 3048 cui
1146 2980 1303 3049 haetenus

312 3085 451 3175 exposite
471 3084 604 3151 ulterius
627 3088 772 3178 persequi
800 3087 924 3154 enimus
944 3101 1002 3158 est.

754 3329 995 3450 W*
1110 3366 1112 3374 p
1232 3345 1288 3374 „

359 3504 624 3593 Respondendum
659 3519 766 3582 eutem
793 3521 844 3583 ,est
872 3507 978 3584 adhue
1004 3509 1178 3599 quaestioni
1201 3506 1301 3584 facile
1373 3485 1378 3494 Ι

314 3611 507 3690 movendae,
540 3633 676 3699 quantam
710 3613 832 3688 tutione
862 3638 968 3704 opere.
987 3638 1045 3680 nos
1066 3614 1111 3680 de
1139 3613 1302 3700 mysteriis

314 3727 459 3806 oporteat
485 3716 516 3780 in
541 3738 575 3780 re
596 3716 795 3806 dogmatice,
824 3733 915 3794 entes
937 3721 1031 3786 dicta·
1048 3719 1074 3793 si
1091 3721 1299 3810 spectemus?

313 3819 571 3908 Respondemus,
604 3843 643 3886 ex
675 3835 778 3888 nostro
810 3824 963 3894 sententia
1002 3825 1034 3898 ln
1059 3847 1093 3898 re
1117 3825 1303 3912 dogmatica

172 3967 176 3974 ‹
229 3979 231 3983 .
313 3923 434 4014 duplici
450 3924 545 3992 modo
565 3924 615 4012 egi
634 3927 780 4014 possode
799 3929 956 4018 mysteriis
972 3929 1005 3996 in
1021 3928 1173 4020 religione
1188 3926 1304 3995 Glrris·

312 4031 407 4099 tinus.
455 4031 582 4096 institui
613 4033 697 4098 enirn
723 4045 825 4121 potest
847 4034 1011 4124 inquisitio
1022 4085 1038 4114 „
1064 4034 1141 4123 quid
1163 4035 1303 4101 erdesu
