2958 5096
632 441 703 514 135

178 692 248 760 ret,
281 676 366 770 qnod
401 677 461 744 boc
494 699 608 768 oorpns
644 689 679 744 et
712 679 837 767 sanguia
862 677 976 768 pignus
996 689 1030 744 at
1051 677 1156 768 imupn

178 797 252 852 sunt
285 785 332 854 rei
363 784 511 863 futurae,
545 795 582 850 ut
615 781 700 872 quod
732 803 817 848 nunc
838 803 896 872 per
917 779 1158 850 similitudinem

179 882 379 970 ostenditur)
413 890 446 954 in
478 887 586 956 futuru
620 909 678 979 per
716 886 1003 954 manifestationem
1034 887 1158 958 revelo·

179 997 264 1062 tur’'
278 996 338 1082 (l).

223 1099 296 1168 Nou
342 1097 540 1166 obstantibus
584 1092 700 1164 horum
741 1095 881 1164 virorum
915 1097 1158 1184 conaminibus,

178 1225 255 1272 aero
285 1203 428 1271 crassiori
457 1202 501 1268 its
525 1214 653 1292 accepta
677 1200 739 1270 fuit
762 1201 915 1268 sententia
939 1203 1091 1285 crassior,
1122 1215 1159 1270 ut

179 1331 198 1374 a
225 1311 377 1380 Concilio
398 1307 657 1398 Rotomngensi‚
690 1330 720 1376 a.
748 1310 856 1391 1063,
890 1307 1073 1376 confirmata
1096 1306 1159 1388 sit,

181 1413 255 1480 dein
288 1411 328 1480 ab
361 1431 554 1494 muucsurro
577 1431 635 1492 ιιι,
671 1409 705 1476 in
740 1411 890 1478 Concilio
917 1411 1159 1494 lateranensi,

178 1540 209 1588 a.
238 1521 353 1617 1215„
370 1517 487 1588 sancita
513 1515 589 1583 fidei
612 1515 784 1596 articulus,
808 1537 845 1582 ac
869 1515 998 1582 tandem
1023 1540 1040 1582 a
1066 1519 1158 1586 Gon-
1196 1543 1199 1552 ’

178 1625 261 1692 oilie
284 1621 503 1707 Tridentino,
526 1619 632 1686 denuc
655 1620 738 1687 inter
762 1620 907 1710 dogmata
931 1620 1090 1690 Ecclesiae
1105 1643 1161 1690 re-

179 1738 271 1816 cepta
285 1723 346 1814 (2).
392 1726 463 1792 Hoc
493 1737 598 1792 autem
630 1723 725 1792 etiarn
758 1723 791 1788 in
824 1719 884 1790 hon
908 1723 1055 1816 dogmate
1078 1744 1160 1792 con-

178 1829 329 1898 versionis
363 1829 512 1919 aguorit,
548 1828 702 1918 quaedam
737 1851 802 1896 csse
836 1851 899 1896 nou
931 1828 1160 1920 intelligenda,
1223 1847 1224 1854 ’

179 1934 397 2015 contendens,
428 1936 537 2002 Jesum
570 1931 732 2000 Christum
755 1955 878 2024 semper
901 1932 942 2000 ad
965 1935 1066 2002 Patris
1086 1935 1161 2002 dex-

178 2052 260 2106 tram
296 2040 329 2106 in
365 2038 458 2106 caelis
493 2037 627 2106 assidere
661 2061 770 2128 posse,
807 2051 841 2106 st
870 2038 976 2106 multis
999 2037 1161 2108 nihilomi-

177 2166 236 2210 nus
270 2142 339 2210 aliis
373 2145 407 2210 in
440 2143 518 2210 locis
540 2143 810 2226 sacramentaliter
834 2158 1031 2236 praesentem
1055 2146 1161 2214 adesse

179 2269 247 2314 »eu
278 2247 431 2316 existendi
463 2247 606 2329 ratione,
639 2269 734 2337 quam
766 2247 825 2316 etsi
856 2250 961 2316 serbis
984 2251 1162 2340 exprimere

176 2354 227 2420 rix
250 2376 433 2444 possumus,
465 2352 648 2444 possibilem
671 2363 775 2420 tamen
800 2375 865 2420 esse
887 2355 978 2434 lieo,
1015 2354 1161 2445 cogitati·
1212 2355 1224 2392 '

178 2481 238 2526 one
261 2481 319 2548 per
342 2457 638 2550 fidemillnstrata,
670 2457 793 2548 assequi
814 2481 1000 2549 possumus,
1030 2473 1062 2526 et
1085 2481 1162 2526 con·

178 2562 366 2631 stantissime
398 2561 528 2628 credere
559 2562 710 2630 debemus
723 2564 745 2594 ''
758 2563 820 2652 (3).
868 2562 954 2632 tlibi
982 2563 1026 2630 ita
1050 2563 1159 2636 audit:

179 2667 241 2733 »ls
279 2665 383 2756 (panis
421 2665 741 2755 supersubstantialis)
778 2691 851 2736 scre
885 2669 929 2736 eis
964 2667 1004 2736 sit
1039 2669 1163 2736 animae

177 2770 241 2838 ritu
253 2821 267 2865 ,
295 2784 328 2838 et
355 2783 508 2862 perpetua
530 2771 645 2838 sanitas
668 2773 803 2855 meutis;
841 2775 931 2864 nujus
954 2775 1060 2862 rigore
1079 2795 1160 2840 con-

178 2876 312 2958 fortati,
342 2899 379 2944 cx
408 2873 502 2964 hujus
528 2877 660 2942 miserae
694 2878 959 2967 peregrinationis
985 2879 1099 2944 itinere
1121 2879 1160 2946 ad

179 2980 343 3050 caelestem
365 2978 500 3069 patriam
520 2980 686 3070 pervenire
708 2980 855 3062 valeant,
879 2981 1025 3049 eumdem
1045 3005 1160 3072 panem
1201 2983 1203 2988 ’

178 3085 393 3174 Angelorum,
416 3105 511 3174 quem
530 3083 624 3150 modu
638 3085 696 3150 sub
709 3085 803 3151 sacris
817 3084 1023 3152 velaminibus
1037 3086 1158 3168 edunt,

178 3190 299 3280 absque
321 3188 387 3256 ullo
408 3187 560 3256 uelamine
582 3189 802 3256 manducaturi
815 3198 836 3225 ”
849 3191 912 3280 (4).

224 3295 311 3362 llaec
335 3293 433 3384 igitur
457 3291 550 3360 simul
567 3294 636 3382 jam
660 3295 821 3384 probant,
845 3293 933 3362 illam
959 3293 1161 3364 Eucharisti-

179 3422 230 3468 am
257 3397 376 3468 dictam
400 3421 465 3464 esse
486 3419 640 3483 rempnou
664 3392 922 3489 intelligendam
953 3401 1158 3492 quandoqui-

179 3502 252 3572 dem
281 3501 334 3570 illa
362 3502 523 3594 conversio
545 3502 636 3592 panis
658 3520 690 3570 ct
711 3503 777 3570 vini
798 3503 1158 3592 (transsubstantiatio)

178 3651 294 3672 “

212 3727 249 3796 (1)
287 3727 323 3781 Da
349 3745 419 3798 corp.
442 3738 468 3782 ot
483 3745 555 3798 susp.
574 3726 680 3780 Domina·
694 3729 727 3780 ai
745 3727 828 3784 Gorot.
849 3727 902 3796 11,
929 3728 971 3784 in:
998 3747 1111 3784 ιιιιιιιι
1128 3746 1160 3784 or
1261 3785 1262 3792 ¹

176 3827 295 3879 ιιιιιιι,
316 3811 471 3882 Gonoaminp
487 3815 529 3864 tls
548 3809 688 3882 Boiy'ond
705 3811 783 3866 Biood
801 3817 833 3885 os
841 3818 882 3867 tlas
894 3813 968 3868 Lori·
982 3813 1064 3870 tend.
1080 3816 1158 3870 1668.

176 3914 206 3966 p.
227 3897 291 3964 110,
312 3897 380 3963 tet,
400 3895 467 3961 tlt,
486 3895 548 3952 231.

211 3979 252 4048 (11
284 3979 347 4036 virt.
364 3981 431 4032 Saso·
450 3977 523 4035 Xlll.
541 3979 605 4032 Gan·
625 3978 716 4035 1-tv.

214 4065 256 4136 (1)
291 4062 417 4138 Ejusdem
434 4063 558 4118 Sessicms
575 4065 637 4135 Cap.
657 4065 678 4115 l.

211 4149 257 4222 (f,
290 4149 359 4205 ΠΜ·
374 4164 435 4222 cup.
456 4149 526 4204 vul·
