2958 5096
597 527 644 598 97

42 763 43 774 ’
143 760 173 827 si
190 761 419 852 nou'inteltiqis
441 783 500 828 neo
521 765 627 854 capis,
655 786 737 853 quas
764 765 844 830 inira
869 777 901 832 te
916 779 1009 848 sunt,
1032 791 1110 857 que·

143 865 227 932 modo
247 866 514 957 comprehendes,
540 891 622 958 quae
643 891 736 960 supra
757 882 789 936 te
808 869 998 960 sunt‘t”(l)

182 971 219 1036 D.
265 971 523 1040 Pracdestinatio.

181 1073 312 1144 Ganrsns
344 1077 384 1142 de
412 1102 449 1144 ea
476 1079 629 1145 sententia
661 1077 781 1168 optime
812 1103 848 1146 er
881 1103 919 1146 eo
940 1080 1122 1163 elucescit„

141 1180 217 1267 quod
234 1181 300 1270 ipse
312 1184 462 1271 reprobat
473 1206 582 1250 eorum
596 1183 708 1271 agendi
723 1185 899 1264 rationem,
917 1184 973 1274 qui
985 1207 1111 1250 omnem

139 1284 423 1370 praedestinationis
451 1287 687 1376 inquisitionem
715 1299 865 1354 coercere
890 1287 996 1360 velint.
1043 1290 1113 1356 Hoc

86 1395 89 1402 '
140 1398 234 1454 tamen
247 1389 320 1456 ideo
330 1391 498 1480 reprobat,
516 1393 589 1480 quia
601 1392 625 1456 ii
637 1391 803 1458 eonsilium
816 1392 1012 1482 propositum
1025 1415 1110 1458 uun-

139 1513 225 1582 qoam
245 1497 365 1586 possint
387 1497 562 1586 attingere,
590 1496 848 1586 qnandoquidem
871 1495 1112 1564 hnmannmiu·

137 1600 254 1688 genium
281 1601 410 1666 nonita
433 1625 465 1668 se
488 1603 627 1669 coerceri
651 1603 788 1692 patiatur
803 1601 866 1688 (2).

179 1704 312 1772 Goncilii
355 1706 533 1773 Tridentini
573 1706 727 1772 sententia
754 1707 821 1794 jam
854 1703 928 1770 inde
960 1727 1113 1794 quaenam

137 1807 170 1872 sit
190 1808 312 1900 liquet,
340 1811 425 1900 quod
450 1809 745 1900 praedestinationis
767 1807 952 1896 mysterium
976 1809 1115 1899 appellet

137 1937 301 1982 arcannm.
349 1915 486 1983 Uberius
517 1927 623 1980 autem
656 1913 758 2002 liquet
785 1936 821 1978 er
848 1936 908 1992 eo,
934 1914 1018 2002 qnod
1046 1913 1116 1980 loco

138 2015 257 2085 laudato
288 2019 434 2087 additur:
469 2043 572 2086 »nam
601 2018 662 2082 nisi
685 2041 721 2082 er
744 2016 874 2108 speciali
902 2017 1114 2098 revelatione,

137 2122 201 2186 ooiri
224 2145 291 2188 non
314 2136 439 2213 potest,
463 2147 542 2212 quos
563 2125 648 2190 Deus
675 2121 736 2186 sibi
757 2121 922 2211 elegerit’'
938 2124 1003 2210 (3).
1140 2195 1143 2203 ,

176 2227 322 2314 Synodus
374 2229 576 2296 Dordraeena
628 2227 723 2294 etiam
776 2227 924 2314 mysteria
972 2226 1116 2316 habuisse

139 2329 257 2398 ridetur
292 2354 341 2398 res
376 2355 441 2398 non
475 2332 694 2422 intelligendas
708 2381 718 2411 ,
752 2333 799 2396 uti
834 2330 935 2420 liquet
968 2330 1116 2421 quaudo,

137 2438 270 2524 expositis
301 2436 445 2502 doctrinis
479 2440 649 2504 electionis
678 2449 710 2502 et
751 2437 1019 2526 reprobationis,
1058 2433 1117 2500 ho·

137 2539 257 2620 mines,
293 2539 400 2630 hujus.
421 2541 655 2632 reprobationis
689 2539 823 2628 sequelis
859 2540 952 2607 faciie
986 2553 1117 2606 terren·

136 2642 200 2729 dos,
235 2645 347 2712 sedare
381 2660 492 2712 conata
528 2645 652 2736 pergit:
703 2644 892 2712 »Adversus
926 2643 1009 2712 hano
1046 2667 1117 2734 gra·

134 2751 226 2818 tuitae
263 2749 435 2818 Eieetionis
469 2752 627 2841 gratiam,
670 2763 703 2817 et
734 2752 839 2838 justae
874 2749 1118 2840 Reprobatioois

134 2857 328 2922 severitatem
354 2855 631 2934 obmurmuranti,
657 2855 846 2944 opponimus
869 2853 931 2920 huc
954 2851 1115 2944 ¹Apostoli·

137 2981 226 3042 eunr,
258 2959 421 3028 Okomol
446 2971 482 3026 tn
504 2963 581 3050 qnia
599 2983 658 3040 es,
678 2962 738 3047 qui
758 2982 800 3024 ex
821 2960 963 3040 adverso
982 2981 1117 3048 respon·

136 3087 190 3129 sos
216 3064 319 3132 Deo?
348 3066 441 3132 Rom.
468 3071 500 3134 9:
528 3070 582 3134 20.
630 3066 671 3130 Et
696 3061 774 3128 illud
799 3063 974 3130 Serratoris
998 3061 1117 3140 nostri,

135 3171 251 3236 Annon
269 3172 348 3235 licet
366 3173 451 3234 mihi
470 3171 558 3260 qnod
576 3171 786 3253 nolofacere
806 3171 843 3233 in
864 3169 977 3234 meis?
1002 3164 1118 3235 Motrh.

136 3277 187 3344 20:
217 3281 270 3342 15.
317 3275 382 3342 Nos
405 3297 478 3340 vero
501 3272 580 3341 haee
603 3274 751 3362 mysteria
770 3272 916 3364 religiose
933 3273 1118 3350 adorantes,

137 3401 207 3444 oum
232 3379 384 3468 Apostolo
408 3379 633 3446 exclamamus:
692 3377 1006 3469 Oprosunditatem
1030 3378 1120 3443 dici.

137 3487 284 3562 tinnsm,
332 3494 398 3548 tum
441 3489 648 3575 sapientiae,
688 3493 755 3548 tum
789 3486 993 3573 cognitionis
1024 3484 1094 3548 Bai
1105 3482 1120 3544 ‚t

143 3588 247 3676 (Ιτιαηι
278 3590 587 3674 imperscrutabilia
614 3597 690 3654 sunt
719 3587 788 3654 Dei
805 3587 965 3676 judicia,
995 3595 1027 3650 et
1049 3586 1121 3672 ejus

174 3861 216 3931 (1)
253 3859 293 3916 lh.
322 3843 414 3914 XVIII.
434 3861 466 3929 1,
494 3861 521 3913 2.
539 3859 576 3914 ct.
596 3858 636 3920 lb.
655 3861 689 3913 t:
730 3857 845 3911 somnis
863 3856 930 3910 ratio
950 3863 977 3908 et
995 3853 1121 3908 naturalis

137 3939 302 4015 investigatio
331 3944 411 3998 fldem
438 3946 512 4026 sequi
540 3941 636 4009 debat,
665 3959 717 3996 non
753 3939 911 4010 praecedam
941 3957 990 3992 oae
1020 3939 1120 3991 iussio·

137 4031 233 4094 μαψ
252 4049 310 4102 sqq.

171 4127 211 4196 (2)
247 4129 287 4182 Gi.
307 4130 379 4182 iocus
399 4129 486 4198 primo
504 4124 627 4180 laudatus
643 4123 671 4177 in
690 4123 706 4192 §
723 4123 767 4178 32.

170 4225 213 4296 (3)
246 4227 287 4280 Gt.
305 4235 334 4280 et
352 4225 471 4298 ejusdem
489 4225 608 4278 sessionis
626 4224 689 4278 Can.
707 4223 774 4276 ΧΠ.
913 4299 916 4307 Ι

856 4312 873 4370 7
