2958 5096
749 397 841 520 'oa

315 680 551 762 venerandum,
576 703 638 746 uon
662 682 902 752 scrutandum.”
935 681 985 754 Ol.
1010 687 1026 771 S
1047 687 1102 752 29.
1137 685 1224 753 Loco
1249 685 1305 751 ci-

316 799 382 852 tato
404 783 465 853 hac
487 786 527 852 de
549 808 584 852 re
607 783 703 853 hahet
727 807 900 857 cautinus:
937 789 1076 880 »Longe
1099 811 1174 854 uero
1198 789 1301 855 tutius
1405 826 1408 842 ›

315 904 383 978 est,
413 890 446 958 in
481 915 518 960 ea
548 913 644 988 qnam
676 893 774 960 tradit
806 892 959 960 relatione
979 893 1170 976 subsistere,
1203 917 1303 984 quam

317 995 462 1064 subtilius
482 996 677 1086 penetrando
698 997 737 1062 ad
759 996 892 1064 sublime
916 993 1123 1086 mysterium,
1147 997 1306 1086 permul-

317 1115 364 1168 tas
396 1101 545 1167 evanidas
574 1099 802 1192 speculationes
834 1103 994 1192 evagari.''
1046 1102 1198 1168 Disertius
1229 1125 1305 1168 sero

316 1219 456 1272 mentem
484 1227 572 1271 suam
599 1206 746 1296 exponit,
784 1208 976 1296 dicens(l):
1026 1208 1148 1294 »Quod
1172 1207 1198 1272 si
1221 1228 1306 1296 quae

318 1312 424 1376 subest
459 1309 492 1374 in
528 1332 590 1376 uua
615 1309 780 1376 divinitate
804 1312 927 1392 Patris,
973 1311 1073 1392 Filii,
1098 1325 1130 1378 et
1164 1311 1305 1401 Spiritus

318 1415 481 1482 distinctio
513 1416 563 1502 (ut
593 1427 638 1480 est
673 1416 802 1503 cognitu
831 1413 985 1504 difficilisy
1007 1416 1140 1505 ingeniis
1166 1415 1304 1504 quihus-

318 1519 390 1586 dam
412 1518 482 1608 plus
504 1519 627 1586 facessit
651 1521 768 1609 negotii
790 1533 822 1586 et
842 1520 1027 1602 molestiae,
1049 1543 1144 1610 quam
1170 1520 1306 1609 expedi·

319 1637 352 1689 at
366 1673 376 1704 ,
409 1624 612 1690 meminerint
639 1621 855 1712 labyrinthum
882 1624 1004 1714 ingredi
1027 1622 1164 1689 hominis
1183 1635 1307 1690 mentes

320 1730 405 1795 dnm
441 1751 514 1794 snae
549 1728 725 1795 curiositati
758 1728 944 1819 indulgent:
983 1741 1078 1818 atque
1099 1729 1143 1795 ita
1173 1729 1240 1818 regi
1275 1751 1316 1795 se.

324 1833 496 1899 sustineant
521 1833 708 1901 coelestibus
729 1834 889 1916 oraculis,
912 1847 1076 1923 utcunque
1098 1834 1241 1922 mysterii
1262 1834 1308 1900 el·

315 1937 486 2006 titudinem
510 1961 574 2003 non
594 1939 761 2030 capiant.''

364 2043 402 2110 B.
448 2039 640 2111 iucarnatio.

366 2149 457 2214 Hanc
477 2168 625 2215 nmonns
648 2162 741 2229 rto„
762 2149 783 2215 l.
804 2147 827 2218 l.
851 2149 883 2214 in
906 2155 924 2236 §
943 2154 1006 2227 30,
1031 2147 1169 2238 appellat
1188 2170 1305 2235 »mys-

317 2253 455 2332 terium,
483 2253 568 2342 quod
594 2275 611 2318 a
637 2253 765 2318 nemine
787 2250 1013 2342 comprehendi
1036 2267 1153 2342 queat,
1177 2274 1304 2318 omnem

320 2355 442 2446 quippe
464 2367 498 2422 et
519 2356 671 2422 sermonis
694 2369 726 2422 et
745 2357 860 2422 mentis
879 2357 942 2421 vim
963 2357 1146 2454 excedens”
1159 2361 1223 2446 (2).
1258 2357 1306 2423 lle

204 2533 206 2540 ‚
320 2460 550 2526 industriosis
587 2483 622 2526 ea
655 2461 784 2550 exponit
815 2481 995 2528 catenarus
1020 2482 1078 2541 or„
1112 2463 1156 2527 ita
1177 2462 1304 2529 dicens:

323 2565 466 2631 »Omnis
487 2587 577 2647 vero,
602 2566 658 2653 qui
681 2565 906 2630 incarnationis
929 2567 995 2654 ejus
1016 2566 1200 2653 mysterium
1216 2569 1306 2654 juxta

317 2669 487 2735 humanam
523 2669 709 2758 sapientiam
733 2670 891 2736 discutere
915 2684 1068 2753 conatur,
1103 2693 1211 2737 carnes
1232 2673 1305 2760 agni

317 2776 400 2866 aquai
421 2773 488 2840 vult
508 2796 666 2863 coquere,
692 2775 726 2840 id
746 2787 792 2842 est
804 2826 813 2855 ,
837 2775 1077 2864 dispensationis
1098 2778 1165 2864 ejus
1185 2788 1306 2862 myste-

271 2929 276 2938 .
319 2881 402 2946 rium
434 2900 492 2968 per
522 2878 703 2946 dissolutam
736 2878 802 2945 vult
826 2880 990 2945 scientiam
1014 2894 1196 2970 penetrare.
1245 2878 1306 2965 Qui

319 3009 395 3076 ergo
421 2981 579 3050 Paschatis
599 2985 706 3074 gaudii
730 2983 962 3057 solemnitatem
985 2985 1146 3052 celebrare
1173 2985 1304 3050 deside-
1335 3001 1337 3008 ’

320 3105 391 3171 rat,
419 3112 532 3180 agnum
556 3112 615 3156 nec
637 3091 718 3180 aquai
738 3102 854 3178 coquat
868 3127 877 3168 ,κ
900 3111 958 3156 nec
980 3090 1116 3155 crudum
1139 3089 1303 3159 comedat:

320 3207 357 3260 ut
380 3215 484 3282 neque
505 3216 563 3284 per
584 3191 753 3258 humanam
778 3193 962 3282 sapientiam
987 3193 1237 3283 profunditatem
1262 3191 1307 3258 il-

321 3299 382 3364 lius
413 3298 637 3363 incarnationis
669 3311 836 3388 penetrare
866 3311 1017 3387 appetat,
1050 3321 1153 3388 neque
1176 3299 1207 3362 iu
1233 3319 1304 3364 eum

321 3417 485 3492 tamquam
508 3402 539 3466 in
566 3423 682 3491 purum
704 3401 866 3467 hominem
893 3401 1036 3468 credat'’
1050 3404 1111 3489 (ὃ).
1154 3404 1308 3469 Brennu-

322 3529 384 3576 uus
418 3509 461 3574 ita
497 3506 641 3596 judicat:
691 3501 874 3594 ‘albyssus
895 3491 1008 3596 ¹plane
1049 3504 1309 3597 imperscrutabi·
1371 3535 1375 3542 ·

321 3613 380 3694 lis,
414 3613 637 3681 incarnationis
674 3612 853 3680 dominicae
889 3625 1142 3682 sacramentum:
1180 3613 1310 3700 abyssus

319 3809 473 3842 *q

354 3909 399 3980 (l)
439 3910 526 3964 lastit.
546 3913 575 3964 L.
596 3913 616 3963 l.
634 3930 659 3966 c.
679 3913 746 3964 xttl.
764 3913 805 3966 21.

359 3995 403 4066 (a)
441 3999 587 4068 Massam
600 4033 607 4048 .
622 4032 630 4050 .
645 4031 672 4048 ..
711 4001 813 4052 socrat
832 4001 955 4062 taenara·
973 4001 1081 4056 assata
1095 4001 1150 4068 γὰρ
1167 3965 1310 4048 tatanus

322 4085 370 4133 sul
392 4083 475 4149 λόγου
495 4085 543 4132 καὶ
565 4087 615 4133 νοῦ
640 4088 812 4152 audimus.

360 4164 402 4234 (3)
442 4164 470 4216 ln
489 4163 588 4234 Euony.
612 4165 681 4222 Hom.
702 4168 729 4218 b.
751 4167 782 4214 ll.
803 4159 1021 4219 tt.ltx11.'8.e.
1042 4165 1060 4215 Ι.
