2938 5080
786 463 835 538 20

315 677 460 768 praebito
497 675 645 767 deinceps
678 675 834 770 populum
862 673 1073 742 israeliticum
1107 673 1297 764 participem

315 805 380 849 csse
410 782 553 848 futurum
583 779 691 848 salutis
716 781 749 846 in
773 779 900 848 Christo
922 777 1068 860 oblatae,
1103 779 1164 844 nisi
1184 801 1301 870 nempe
1375 813 1379 821 ¹

317 887 366 954 rel
391 899 458 952 tum
480 899 658 978 perseveret
680 910 744 953 esse
770 881 980 952 incredulum.
1005 922 1051 935 —
1076 883 1133 950 llis
1154 883 1221 950 fuse
1243 893 1302 952 erl·

314 992 470 1084 planatis,
494 989 798 1081 argumentationem
819 988 981 1056 concludit
1003 1011 1093 1055 versu
1114 1003 1239 1070 nostro,
1252 987 1302 1054 in-

314 1097 445 1176 dicans,
468 1118 500 1160 se
525 1093 603 1160 haec
628 1099 733 1160 omnia
755 1095 958 1186 exposuisse,
983 1116 1024 1160 ne
1044 1093 1178 1160 lectores
1197 1093 1300 1160 nesci·

314 1215 385 1268 vent
398 1224 466 1268 rem
480 1199 692 1290 gravissimam
704 1200 768 1282 ,de
781 1223 842 1292 qun
855 1199 914 1290 ipsi
928 1213 1005 1266 esset
1018 1199 1300 1291 persuasissimum.

312 1309 385 1400 Ipse
416 1306 501 1373 enirn
535 1329 571 1372 er
605 1305 816 1398 omnipotenti
849 1305 909 1371 Dei
940 1329 1047 1371 amore
1080 1305 1299 1384 derivaverat,

313 1435 378 1478 non
414 1435 504 1502 posse
539 1432 603 1476 non
634 1411 728 1494 fieri,
762 1409 840 1502 quin
872 1411 999 1476 tandem
1021 1409 1214 1499 tandemque
1237 1430 1300 1474 une

314 1515 516 1606 colligeretur
547 1514 687 1582 Ecclesia
718 1513 919 1596 Christiana,
952 1537 988 1580 er
1008 1513 1139 1582 Judaeis
1161 1527 1193 1580 et
1218 1513 1302 1580 Gen·

316 1619 447 1701 tilibue,
475 1617 586 1686 adhtm
618 1643 636 1685 a
668 1619 863 1686 seinvicem
887 1617 1049 1709 separatis.
1072 1655 1111 1668 -
1134 1617 1230 1702 Quod
1253 1615 1301 1683 uti

314 1747 354 1790 ex
379 1725 427 1790 rei
451 1735 564 1790 natura
593 1723 628 1788 in
657 1725 799 1790 omnium
823 1722 977 1790 lectorum
1001 1719 1092 1788 usum
1114 1721 1228 1788 Paulus
1246 1719 1302 1787 de-

314 1829 470 1895 rivaverat
483 1878 493 1909 ,
527 1828 569 1893 ita
595 1828 699 1914 idern,
735 1827 769 1894 in
792 1827 989 1896 ludaeorum
1009 1829 1168 1918 gratiam,
1191 1827 1301 1892 itidem

313 1933 429 2025 probat
469 1946 501 1999 et
533 1932 668 2000 adstruit
702 1956 762 2014 eo,
803 1933 887 2024 quod
917 1947 952 2000 et
986 1933 1160 2022 antiquitus
1191 1933 1301 1998 eodem

316 2037 412 2104 inodo
436 2060 484 2104 res
503 2037 543 2104 sit
566 2038 723 2128 cogitata;
757 2060 855 2131 quare
880 2037 993 2128 allegat
1012 2039 1138 2104 effatum
1160 2035 1302 2126 Prophe·

316 2155 367 2209 tae
389 2141 535 2223 Jcsaiec,
562 2166 605 2210 vs.
625 2147 707 2224 26⁶,
740 2148 781 2209 27
799 2145 868 2230 (1),
894 2156 947 2224 et,
978 2143 1170 2233 argumentis
1199 2142 1302 2207 denuo

314 2270 354 2313 ex
375 2247 435 2313 Dei
455 2269 563 2312 amove
584 2247 754 2329 damnetis,
774 2269 841 2313 rem
865 2246 997 2314 ulterius
1010 2247 1216 2337 universeque
1227 2269 1302 2337 pro·

314 2351 392 2435 bet,
417 2377 462 2419 vs.
491 2357 635 2422 28—32.

347 2455 450 2523 ‘Patet
471 2457 593 2547 igitur,
612 2465 800 2544 μυστήριον,
825 2457 915 2545 cujus
935 2453 1048 2522 Paulus
1066 2455 1202 2522 lectores
1222 2478 1303 2546 gna·

315 2583 367 2626 ros
388 2561 516 2642 reddit,
538 2585 625 2642 esse,
644 2565 803 2645 futuram
824 2561 1029 2629 Judaeoram
1045 2561 1094 2626 ad
1108 2561 1301 2628 Ecclesiam

320 2667 552 2735 Christianam
576 2670 827 2738 conversionem.

360 2769 444 2837 Nom
477 2784 582 2837 autem
617 2769 734 2837 haecce
758 2769 920 2838 conversio
941 2784 1047 2837 nostro
1064 2772 1132 2860 jans
1156 2784 1300 2862 tempore

314 2875 355 2941 sit
384 2875 490 2960 lacta,
527 2876 670 2966 quaestio
699 2891 770 2957 est,
803 2898 883 2967 quae
904 2876 1021 2942 mirum
1046 2877 1079 2942 in
1099 2877 1229 2942 modom
1252 2876 1303 2942 in·

313 2993 467 3072 terpretes
488 2982 679 3072 exagitarit,
698 3004 758 3048 nec
773 2994 876 3048 tamen
889 3003 944 3048 nos
956 2982 1155 3049 morabitur:
1182 2981 1302 3047 etenim

313 3082 393 3150 haec
418 3087 560 3175 quaestio
581 3110 667 3154 mere
687 3100 734 3154 est
754 3086 928 3168 historica,
951 3086 1027 3152 dum
1048 3087 1138 3153 nobis
1161 3099 1302 3152 tantum-

314 3189 409 3257 modo
437 3215 525 3258 mens
556 3193 647 3260 Pauli
674 3205 720 3258 est
752 3190 1015 3282 interpretanda3
1048 3190 1103 3258 hic
1125 3205 1231 3258 autem
1256 3189 1302 3256 nil

312 3293 355 3363 dc
376 3318 412 3362 ca
440 3296 551 3362 delinit
563 3346 573 3379 ,
603 3297 662 3374 nisi
687 3295 772 3378 hoc,
803 3297 908 3362 locum
928 3319 994 3362 esse
1015 3294 1196 3363 habituram
1219 3294 1302 3362 hanc

314 3403 573 3482 conversionem,
604 3401 731 3491 quaudo
761 3425 884 3493 magna
917 3405 1035 3490 copia,
1061 3403 1239 3493 plenitudo
1250 3401 1301 3492 (2)

312 3504 490 3573 ¹Gentilium
512 3505 608 3573 iidem
631 3505 805 3596 Euangelio
828 3503 987 3575 habuerit.

351 3672 393 3740 (ι)
427 3673 481 3726 se..
501 3673 566 3726 arx.
585 3673 620 3726 no
637 3689 680 3745 aq.
713 3674 763 3726 vau.
781 3672 885 3725 xxvrr.
902 3673 930 3726 e.
988 3719 990 3726 ,

348 3756 394 3826 ,(2)
430 3757 601 3829 interpretari
622 3759 751 3812 rnalnmua
770 3777 899 3827 magnam,
918 3763 1065 3828 majoramaa
1084 3766 1200 3826 copiam,
1220 3775 1302 3832 quem

305 3859 396 3905 *amnas
408 3847 524 3906 amacina,
538 3843 676 3915 praecipue
688 3843 723 3895 ob
736 3860 773 3895 ve.
784 3841 987 3894 antecedentem
1002 3843 1049 3907 12,
1064 3843 1108 3894 nbi
1126 3844 1175 3897 eibi
1189 3845 1301 3896 invicem

311 3935 489 3993 opponuntur
507 3933 645 3998 πλήρωμα
659 3937 686 3980 et
705 3935 843 3998 ἥττημα,
864 3925 937 3998 quod
950 3929 1080 3996 posterius
1093 3925 1127 3980 da
1139 3949 1239 3982 numero
1250 3933 1301 3980 mi-

314 4028 372 4062 nare
391 4008 574 4077 accipiendum
598 4009 710 4064 videtur.
741 4004 813 4063 lianc
826 4020 915 4064 autern
927 4013 1085 4064 sententiam
1099 4030 1151 4065 non
1166 4017 1242 4066 unica
1254 4029 1302 4066 ve-

314 4108 376 4148 ram,
395 4093 485 4147 haberi
510 4098 645 4160 voluntas,
664 4095 783 4167 adeoquo
794 4097 903 4168 insuper
915 4097 1016 4150 consuli
1029 4107 1139 4165 ponunt
1157 4117 1178 4154 r.
1194 4115 1219 4152 a.
1235 4115 1300 4151 aaa·

314 4191 378 4245 Ιιι,
394 4183 510 4234 υσνΙιΙαν.
533 4200 560 4232 o.
578 4185 604 4234 d.
622 4181 701 4250 Bra'as
716 4201 743 4236 o·
754 4183 854 4234 Paulae
865 4199 916 4234 con
926 4184 955 4234 de
968 4181 1036 4232 Rom.
1053 4181 1135 4247 1787,
1154 4181 1300 4247 2da1laal,
