2958 5096
625 479 693 552 153

166 714 252 780 omui
288 727 378 804 parte
410 715 636 782 infructuosam
657 717 740 784 slore
772 715 865 783 talem
891 715 1144 804 disquisitionem

166 817 260 884 facile
282 841 465 908 persuasum
488 821 528 886 iri
550 821 709 888 credimus
731 821 761 888 ei
773 871 783 902 ,
812 821 868 910 qui
891 843 1017 888 cursum
1040 817 1149 886 hacte-

167 943 225 990 nus
256 923 435 992 conlectum
469 938 501 992 et
533 939 717 1016 argumenta
754 938 946 1016 pertractata
982 925 1148 992 nobiscum

168 1027 351 1118 respexerit.

213 1133 303 1204 Prius
338 1146 444 1200 autem
476 1135 563 1202 breui
587 1135 706 1224 agenda
728 1137 855 1204 ridetur
878 1124 1044 1224 quaestio,
1070 1133 1150 1223 quid

169 1237 356 1304 nominatim
389 1239 422 1304 iu
459 1238 519 1307 hac
552 1254 644 1331 perte
679 1242 770 1307 nobis
802 1241 844 1308 sit
867 1240 1149 1332 pertractandum,

169 1365 264 1431 quam
299 1346 497 1436 propositum
525 1346 627 1435 ipsum
651 1346 872 1436 aggrediamur
895 1347 968 1414 iter.
1014 1346 1153 1414 Antece-

172 1447 280 1514 deutia
318 1450 403 1514 enim
442 1431 504 1516 nos·
530 1452 731 1533 docuerunt,
770 1475 834 1517 non
865 1465 986 1518 tantum
1015 1451 1152 1518 adfuisse

172 1551 343 1620 discrimen
377 1555 486 1621 Jesum
510 1555 738 1645 Apostolosque
760 1557 843 1622 inter
867 1554 976 1622 ethos
999 1557 1153 1622 subsecu-

176 1671 239 1724 tam
272 1658 467 1738 Ecclesiam,
509 1661 613 1749 quoad
645 1661 744 1752 ipsam
771 1662 810 1728 de
834 1667 1013 1750 μυστηρίοις
1043 1661 1154 1727 notio-

172 1785 267 1842 nem,
303 1763 357 1830 sed
388 1777 420 1831 et
451 1788 514 1831 non
544 1766 654 1842 minus
672 1767 776 1854 quoad
800 1789 870 1848 res,
902 1789 979 1856 quas
1001 1777 1188 1853 μυστήρια·

173 1867 318 1934 dixerint.
366 1869 480 1936 Adfuit
507 1884 612 1937 auteur
629 1874 715 1960 justa
739 1877 854 1954 cause,
879 1893 943 1962 qua
964 1873 1043 1938 moti
1065 1872 1155 1936 iden·

173 1974 273 2040 tidem
306 1973 539 2063 inquireremus
569 1977 604 2042 in
642 2000 712 2060 res,
743 2001 821 2067 quas
843 1977 878 2044 hi
904 1977 990 2044 illisa
1019 1975 1156 2043 dixerint

173 2089 346 2167 μυστήρια,
385 2103 499 2170 nempe
530 2079 629 2169 haec,
659 2083 747 2170 quod
776 2082 837 2149 hac
871 2083 997 2150 tandem
1034 2081 1157 2148 ratione

174 2183 266 2250 nobis
309 2197 452 2251 constare
497 2185 537 2253 de
574 2210 612 2252 eo
642 2189 806 2277 potuerit,
845 2211 922 2254 num
958 2209 1065 2254 revera
1094 2187 1157 2251 sint

174 2299 330 2381 μυστήρια
375 2277 419 2355 τ’ττΙ
441 2293 607 2382 religione
636 2293 843 2359 Clerz'sts'ano.
891 2294 981 2358 Hanc
1014 2292 1055 2356 ob
1089 2311 1157 2355 rem
1247 2340 1250 2346 .

174 2393 427 2481 disquisitionem
467 2394 553 2461 illam
599 2397 806 2462 necessariam
843 2397 1011 2477 duximus,
1060 2417 1157 2485 quam

176 2510 282 2564 tamen
317 2498 442 2564 missam
474 2500 578 2566 facere
619 2524 782 2590 possumus
829 2499 889 2568 hac
922 2503 954 2567 in
979 2515 1089 2593 parta,
1124 2501 1158 2564 in

130 2654 132 2658 .
177 2625 239 2692 qua
274 2603 365 2670 nobis
400 2604 620 2686 tantummodo
645 2619 690 2672 cst
717 2606 965 2694 inquirendum,
996 2610 1192 2696 cujusnam*

178 2709 218 2774 sit
249 2709 345 2799 pretii
368 2709 400 2772 in
423 2731 457 2774 re
477 2709 673 2800 dogmaticd,
704 2724 855 2800 μυστήρια
879 2737 896 2778 a
916 2714 993 2781 Jesu
1020 2715 1160 2802 Aposto-

178 2811 278 2903 lisque
307 2813 416 2880 habita
449 2839 513 2881 esse
544 2840 592 2882 res
624 2819 796 2908 patefactas
830 2833 883 2884 aut
908 2817 1160 2910 patefaciendas,

180 2917 213 2984 in
247 2919 388 2986 Ecclesia
421 2941 470 2984 res
502 2921 737 2988 abscondendus
760 2936 814 2988 aut
837 2947 899 2988 non
924 2920 1163 3011 intelligendas,

180 3022 338 3113 hujusque
367 3025 557 3091 discriminis
587 3049 713 3092 causam
743 3029 834 3093 sitam
866 3029 959 3093 fuisse
979 3027 1011 3092 in
1035 3025 1163 3114 ingenio

181 3131 338 3196 sociorum
370 3129 528 3197 Ecclesiae
560 3129 781 3214 Christianae,
815 3134 856 3198 ab
884 3132 1010 3222 ingenio
1030 3132 1107 3197 Jasu
1131 3142 1163 3196 et

125 3239 128 3244 '
183 3233 408 3324 Apostolorum
436 3236 509 3301 satis
529 3236 661 3302 diverso.

617 3423 636 3506 q
664 3421 717 3488 ao.

229 3548 446 3636 Dogmaticam
497 3549 708 3618 Christianam
742 3573 965 3640 quamcunque
998 3549 1166 3641 praecedat

186 3675 313 3720 necesse
344 3667 390 3736 est
418 3656 598 3745 disquisitio
618 3654 658 3720 de
678 3656 785 3736 fonte,
815 3679 851 3721 er
871 3678 935 3744 quo
957 3655 996 3721 sit
1018 3655 1167 3745 peteuda.

185 3757 229 3824 Ili
260 3759 430 3848 petendam
465 3777 535 3827 eam
570 3772 699 3827 censent
728 3783 746 3826 e
778 3758 896 3828 Godice
929 3761 1049 3842 Sacro,
1084 3760 1168 3826 illie

186 3863 276 3930 Novo
307 3865 471 3947 Foedere,
503 3865 557 3932 alii
591 3887 698 3932 rursus
732 3889 771 3932 ex
805 3866 873 3956 ipso
907 3867 984 3934 Jesu
1022 3865 1168 3944 Christ03
1240 3951 1243 3960 1

187 3967 274 4058 quod
296 3969 464 4036 discrimen
483 3973 627 4036 nostrum
651 3983 797 4054 nonest,
820 3969 874 4038 hic
895 3971 1082 4060 dijudicare.
1132 3969 1170 4036 ld

187 4085 293 4138 autem
312 4075 469 4142 affirmare
480 4076 579 4156 licet,
600 4097 668 4142 eanr
681 4075 789 4141 saltem
802 4099 864 4142 non
876 4100 941 4166 esse
952 4076 1169 4166 Dogmaticam
1263 4145 1265 4148 .

188 4200 262 4246 rere
285 4175 520 4263 Christianam,
539 4202 621 4268 quae
644 4202 681 4246 ex
703 4179 764 4248 alio
787 4180 925 4269 quodam
946 4181 1050 4262 fonte,
1073 4201 1168 4269 quam
