2938 5080
344 757 559 847 patefacturus
589 759 623 824 in
657 760 716 840 iis,
752 762 807 851 qui
839 759 934 826 iidem
964 757 1025 848 ipsi
1045 755 1207 839 habeant,
1235 760 1333 848 cnjus

344 863 463 953 gloriae
483 863 579 928 etium
604 865 775 955 participes
797 865 866 931 lore
884 862 1174 932 Thessalonicenses
1186 863 1331 943 indicat,

346 966 511 1046 addendo,
533 969 615 1059 ipsos
639 970 735 1035 fidem
762 969 909 1036 habuisse
930 973 1090 1056 μαρτυρίᾳ
1112 967 1333 1034 suoaliorum-

347 1093 410 1159 que
433 1071 597 1162 Euangelii
619 1097 826 1163 praeconum.

391 1177 559 1264 Postquam
595 1179 709 1245 Paulus
742 1179 826 1246 bano
859 1179 1071 1268 praesentiam
1106 1183 1182 1248 lesu
1213 1175 1334 1244 Christi

346 1280 391 1345 ita
413 1281 512 1346 fusius
535 1282 771 1374 descripsisset,
803 1305 874 1372 cap.
896 1284 929 1349 ss
948 1284 993 1348 ita
1015 1282 1140 1372 pergit:
1171 1289 1334 1368 ἐρωτῶμεν

347 1389 381 1454 de*
406 1416 437 1453 ar.
463 1415 493 1455 r.
518 1389 568 1466 i..,
605 1389 661 1454 ubi
692 1389 812 1478 igitur,
845 1388 893 1452 uti
924 1387 1081 1477 particula
1110 1387 1275 1453 adversans
1296 1389 1332 1452 dr*
1385 1453 1389 1456 .

347 1489 486 1570 indicat,
518 1493 647 1583 respicit
670 1493 903 1561 antecedentia.
951 1495 1080 1575 Monet,
1101 1515 1142 1558 ne
1165 1491 1252 1556 hunc
1275 1490 1334 1554 do·

348 1595 428 1660 mini
463 1595 631 1664 adrentum
663 1622 735 1664 mor
771 1599 939 1664 instantem
972 1609 1088 1686 putent
1122 1597 1181 1683 (rs.
1217 1601 1245 1661 1.
1275 1597 1330 1685 2):

347 1703 465 1767 etenim
496 1703 584 1791 prius
614 1702 719 1768 locum
743 1701 925 1768 habituram
948 1725 1015 1767 ease
1036 1701 1333 1788 defectionem(l),

349 1818 382 1871 et
403 1807 657 1895 patefaciendum
678 1831 743 1873 esse
765 1806 927 1872 bominem
952 1807 1100 1895 peccati,
1129 1806 1229 1870 filium
1253 1825 1331 1893 per-

350 1911 471 1991 niciei,
500 1924 582 1978 caet.
607 1915 666 2000 (rs.
686 1917 718 1981 3.
749 1912 803 1998 i),
834 1935 928 2000 quam
952 1909 1033 1976 haec
1054 1913 1210 1996 παρουσία
1229 1908 1333 1973 locum

350 2015 391 2082 sit
427 2013 587 2082 habitura.
643 2017 770 2082 Etenim
805 2014 888 2082 hanc
922 2016 1166 2105 patefactionem
1204 2010 1333 2078 retineri

349 2134 465 2188 erentu
486 2120 645 2209 quodam,
674 2119 1002 2188 Thessalonicensibus
1025 2122 1093 2208 jem
1117 2118 1265 2208 cognito,
1286 2116 1334 2180 in·

350 2223 436 2291 dicet
463 2247 507 2291 vs.
530 2231 570 2306 5,
597 2229 637 2306 6,
656 2222 816 2314 hujusque
837 2226 943 2292 reddit
968 2225 1124 2289 rationem
1151 2247 1194 2288 rs.
1220 2229 1262 2302 7,
1288 2219 1331 2284 uti

350 2351 387 2394 er
409 2328 566 2420 particula
584 2336 674 2418 γὰρ,
697 2331 851 2396 rationem
872 2329 1135 2421 praecedentium
1160 2326 1325 2403 reddente,

339 2433 464 2522 ¹liquet.

396 2538 432 2606 Si
453 2539 558 2603 denuo
577 2537 795 2604 antecedentis
818 2539 959 2604 breviter
975 2536 1240 2627 perstringimus,
1259 2555 1334 2600 con·

351 2656 434 2710 stare
463 2643 556 2708 nobis
588 2644 735 2726 ridetur,
762 2647 899 2733 pn‘mo,
932 2642 1090 2723 Paulum,
1123 2665 1151 2708 c.
1172 2643 1215 2710 ll.
1244 2647 1286 2720 3,
1317 2643 1336 2705 4

351 2746 477 2815 eosdem
499 2759 572 2812 ente
597 2746 704 2813 oculos
724 2746 863 2827 habere,
895 2771 974 2837 quos
997 2750 1024 2814 l.
1050 2755 1094 2828 7,
1126 2753 1168 2827 83
1197 2745 1336 2824 etenim,

353 2875 432 2942 quos
454 2853 497 2920 tl.
522 2857 542 2918 4
562 2865 709 2918 accurate
731 2853 906 2934 describit,
939 2876 1047 2918 revera
1070 2867 1142 2918 sunt
1166 2875 1246 2941 quos
1266 2853 1292 2917 Ι.
1316 2855 1337 2916 8

354 2957 493 3048 appellat
515 2967 556 3044 μὴ
577 2963 691 3038 elidere
713 2965 813 3030 creto:
843 2972 875 3024 et
901 2981 979 3046 quos
1002 2956 1056 3022 hic
1075 2956 1214 3045 appellat
1244 2977 1338 3021 »non

350 3063 541 3152 obsequium
566 3077 760 3154 praestantes
782 3063 955 3152 Euangelio
974 3062 1052 3130 Jesu
1077 3060 1195 3128 Christi
1209 3064 1244 3140 ,'’
1266 3071 1339 3124 sunt

353 3169 471 3247 iidem,
504 3192 583 3256 quos
615 3171 655 3236 ll.
688 3176 708 3235 3
740 3189 831 3234 vocet
865 3174 1056 3254 ἀνθρώπους
1095 3179 1149 3250 τῆς
1182 3168 1339 3250 ἁμαρτίας

355 3303 384 3340 κ.
406 3301 435 3338 τ.
461 3272 572 3360 t.(2):
597 3311 641 3324 —
662 3287 694 3339 et
715 3274 874 3352 secundo,
895 3271 950 3352 id,
981 3271 1067 3359 quod
1091 3272 1116 3336 l.
1140 3274 1161 3336 8
1185 3281 1276 3334 vocet
1296 3275 1340 3353 μὴ

353 3383 525 3446 ὑπακούειν
553 3389 597 3462 τῷ
621 3379 791 3462 εὐαγγελίῳ
811 3388 843 3441 el
865 3377 909 3442 li.
934 3381 954 3440 3
979 3374 1098 3440 servire
1121 3387 1160 3462 τῇ
1175 3377 1340 3460 ἁμαρτίᾳ,

357 3481 463 3548 vocari
495 3483 536 3549 II.
574 3487 615 3562 7,
644 3488 665 3548 8
695 3489 734 3549 τὰ
757 3489 1005 3566 μυδτήριονπῆς
1023 3482 1156 3562 ἀνομίας
1177 3499 1215 3542 ac
1236 3478 1340 3566 ipsum

356 3600 500 3677 agentem
522 3593 641 3672 ἄνομον
654 3589 717 3676 (3).
764 3589 908 3678 linusque
930 3597 962 3649 et
984 3585 1017 3648 in
1039 3581 1158 3648 ultimis
1182 3581 1260 3648 locis
1275 3603 1343 3687 ser·

393 3813 439 3882 (l)
475 3813 517 3866 Ab
533 3815 677 3883 Euangelio
693 3814 719 3868 J.
736 3813 766 3867 G·
785 3813 822 3866 cf·
841 3815 863 3864 Ι.
881 3797 915 3876 8,
932 3811 972 3864 vel
992 3827 1007 3862 e
1025 3807 1076 3862 fide
1093 3810 1156 3863 lesu
1173 3808 1277 3863 Christo
1295 3807 1343 3860 ha-

353 3896 429 3962 bite,
449 3899 487 3950 uti
506 3917 531 3951 r·
551 3917 575 3951 c.
595 3897 694 3952 dicitur
714 3899 876 3950 t'tim.1v.
899 3899 985 3968 leeq.

391 3983 432 4053 (2)
466 3982 642 4036 Confirmatur
668 3983 720 4035 hoc
745 3999 795 4048 eo,
823 3979 897 4052 quod
922 3991 1038 4052 utroque
1064 3981 1092 4032 in
1116 3980 1176 4032 loco
1192 3975 1227 4030 de
1244 3976 1342 4030 horum

354 4072 535 4130 (incudinum
552 4075 592 4119 etl
609 4085 706 4120 sermo.

392 4151 434 4223 (3)
471 4152 522 4220 Qui
552 4169 588 4204 vr·
608 4154 625 4205 3
643 4159 752 4205 vocator
770 4154 784 4204 ὅ
805 4153 959 4223 ἅνθρωπος
979 4159 1030 4219 τῆς
1049 4152 1217 4221 ἇμαριίας,
1244 4147 1341 4208 totos

354 4248 405 4307 τῆς
423 4242 577 4300 ἀπωλείας.
