2958 5096
639 382 707 486 151

183 649 390 728 edocebatur,
426 659 459 714 et
491 669 584 738 agens
615 649 787 746 pregoipue
808 649 849 718 de
872 672 953 716 nexu
977 651 1059 718 inter
1083 638 1158 719 lesu

183 764 320 819 mortem
331 765 363 818 et
375 753 497 818 reniam
509 767 735 842 peecatorum,
755 778 958 845 quocumque
980 757 1074 822 modo
1087 781 1157 847 pro-

185 869 382 952 poneretur,
406 857 504 923 multa
522 855 723 949 relinquebat
738 860 928 941 scrutanda,
951 884 988 926 ao
1000 861 1159 928 interdum

186 962 303 1028 rationi
340 961 496 1030 humanae
533 985 571 1030 ao
607 965 666 1032 Dei
690 978 822 1031 naturae
843 965 1112 1056 contradictoria(
1137 969 1160 1055 ).

547 1202 800 1220 ..Μ

226 1380 316 1446 Hane
337 1393 460 1470 partem
484 1381 528 1446 ita
551 1377 803 1450 concludimus:‘
822 1382 976 1470 originem
999 1381 1066 1469 ejus
1089 1382 1156 1464 rei,

182 1507 246 1574 qna
276 1485 469 1574 porrigentia
502 1483 654 1574 religione
688 1481 864 1550 Christiana
887 1483 1086 1552 habebantur
1108 1509 1162 1554 res

179 1591 447 1675 absconderentur,
492 1589 583 1656 sitam
630 1611 695 1655 esse
732 1590 765 1654 in
795 1613 852 1673 eo,
902 1591 987 1679 quod
1016 1590 1161 1680 priorum

184 1693 381 1760 saecolorum
431 1691 602 1761 Christiani
645 1691 829 1784 religionem
864 1691 1074 1761 Christianam
1104 1716 1161 1760 ao-

182 1809 306 1887 oeptom
331 1799 494 1865 studerent
517 1797 649 1864 reddere
674 1797 875 1880 Gentilibus3
911 1799 1065 1888 originem
1086 1821 1161 1865 vero

184 1904 250 1992 ejus
287 1903 334 1968 rei
347 1953 356 1984 ,
390 1926 451 1993 qua
475 1913 609 1990 μνςήρια
631 1903 662 1968 in
686 1901 1041 1993 religione‘Christiana
1063 1900 1162 1970 habe·

180 2009 297 2074 bantur
330 2032 385 2072 res
415 2031 479 2072 nort
509 2008 769 2098 intellegendae,
806 2008 897 2073 sitam
926 2030 993 2073 esse
1025 2007 1058 2072 in
1085 2006 1162 2073 doo-

179 2111 263 2178 trina
291 2112 510 2187 Ecclesiastico
523 2162 532 2192 ‚
565 2111 685 2200 qnippe
706 2133 786 2200 quae
808 2134 856 2178 res
881 2111 937 2178 tali
960 2113 1083 2177 ratione
1105 2111 1161 2177 de-

180 2215 347 2296 finiverat,
389 2215 477 2304 quali
510 2237 670 2304 superesse
702 2237 766 2279 non
797 2227 922 2304 possent
954 2237 1017 2280 non
1050 2237 1162 2280 aroana

138 2305 149 2332 ⁴
177 2319 299 2403 multa,
325 2344 387 2386 non
409 2319 634 2410 intelligenda,
659 2319 813 2387 obscura:
836 2331 872 2384 ut
890 2319 988 2384 verbo
1001 2317 1160 2384 dieamus:

178 2423 333 2514 originem
367 2425 484 2514 partim
520 2423 612 2514 eitum
645 2422 739 2487 fuisse
765 2423 796 2487 in
821 2421 987 2488 hominum
1011 2423 1162 2510 ingenio,

178 2543 303 2596 amente
335 2531 367 2594 in
404 2528 556 2616 religione
592 2526 770 2595 Christiani
803 2552 859 2594 res
894 2529 1163 2608 abscondendus,

178 2635 292 2725 partim
327 2635 360 2700 in
392 2632 556 2700 bominum
597 2634 746 2724 ingenio,
780 2645 905 2699 amante
936 2655 986 2698 res
1013 2655 1161 2717 arcanos,

177 2738 395 2821 absconditas,
421 2763 484 2804 oon
494 2741 752 2830 intelligendos,
768 2723 882 2829 easgue
895 2737 1040 2828 religioni
1053 2736 1162 2805 Chris·

178 2845 285 2912 tianae
304 2845 506 2914 obtrudente.

174 3813 288 3832 —

213 3881 255 3950 (ὃ)
288 3879 328 3931 Cf.
349 3893 430 3943 rtur,
455 3877 502 3930 Dio
519 3877 598 3931 lehre
615 3896 666 3930 oon
683 3880 725 3930 der
746 3881 926 3948 Vorrh'hrrrmg,
945 3878 1057 3948 Tubing.
1075 3877 1161 3945 1888,

171 3962 207 4015 de
228 3973 317 4016 nostra
340 3981 367 4015 re
385 3964 465 4030 impr.
484 3981 510 4031 p.
529 3963 580 4028 te,
602 3964 636 4014 59
651 3979 728 4034 sqq„
746 3961 796 4026 76,
816 3964 851 4015 80
861 3981 920 4034 sqq.
931 4001 940 4026 ,
965 3965 1016 4028 86,
1037 3963 1161 4027 87-9o‚

174 4045 328 4112 tae-ret,
351 4056 379 4100 et
398 4064 519 4112 norrsrus,
545 4051 618 4116 Sper·
647 4047 728 4116 Eoeg.
761 4049 866 4114 Πυθίη
894 4067 941 4116 qao
959 4049 1020 4102 Jeso
1037 4053 1066 4102 de
1083 4059 1160 4101 morte

171 4152 218 4186 sua
235 4135 311 4204 effluo
329 4139 500 4204 colliguntur,
519 4132 600 4184 Gron.
622 4131 706 4194 1838,
727 4141 817 4196 oreb,
836 4152 863 4202 p.
884 4133 960 4185 l-h.
