2938 5080
622 517 686 620 5¹„

157 754 286 846 ancipit)
323 753 443 820 indinnt
476 754 614 820 Paulum·
642 753 696 822 hio
731 777 824 846 agere
858 755 898 822 de
931 769 1002 867 poto
1038 779 1136 848 prae·

86 893 88 899 ·
159 862 241 929 eonii
284 861 331 926 sui
364 859 460 950 opeie
493 873 524 928 et
555 859 616 926 hoo
648 883 780 931 vocare:
813 863 922 932 λαλεῖν
960 869 995 930 τό
1025 871 1140 949 pontal-

158 995 225 1056 ριον
253 979 307 1036 τοῦ
335 975 485 1053 Χριστοῦ.
533 963 678 1055 Christus
708 979 754 1032 est
790 967 887 1058 igitur
921 967 979 1049 (uti
1012 981 1140 1035 antece·
1205 1047 1207 1050 ¹

160 1071 267 1140 dent'in
291 1073 447 1162 probant,
471 1071 502 1135 iu
525 1071 641 1160 quibus
663 1084 831 1161 μυστήριον
859 1071 1020 1139 Christum
1044 1096 1141 1139 ano·

159 1177 207 1244 bis
228 1175 453 1242 annunoiatum
475 1175 568 1263 dicit)
591 1173 646 1242 hin
667 1178 827 1266 objectum
842 1177 916 1266 (1),
938 1180 1028 1266 cujus
1043 1163 1140 1267 igitur

157 1282 344 1369 mysterium
368 1281 434 1370 ipse
460 1280 568 1350 tradit.

205 1387 309 1472 Quum
346 1409 422 1475 ergo
459 1385 586 1452 aliunde
619 1386 692 1452 satis
724 1386 803 1454 lunis
836 1384 913 1452 huie
947 1386 1037 1468 looo,
1073 1399 1139 1453 tam

159 1491 263 1582 quoad
297 1501 538 1579 argumentum,
573 1507 637 1556 tam
671 1491 774 1580 quoad
806 1491 940 1556 formam
976 1491 1139 1579 mysterii,

161 1595 359 1674 effundatur,
393 1607 425 1661 et
456 1593 523 1684 ipse
556 1592 643 1659 loous
677 1593 739 1661 hoo
770 1595 843 1660 satis
866 1608 977 1685 aperte
999 1595 1139 1679 indicet,

157 1723 272 1789 nempe
296 1699 480 1788 Apostolum
503 1699 543 1764 de
567 1695 627 1763 hoo
643 1699 714 1786 jam
738 1712 829 1765 antea
844 1702 959 1788 egisse,
985 1719 1046 1764 non
1062 1719 1141 1789 opus

157 1803 284 1868 videtur
294 1853 304 1884 ‚
327 1815 362 1868 ut
380 1801 434 1868 hin
454 1803 574 1868 diutius
592 1823 764 1873 moremur.
789 1803 932 1870 Sufficiat
943 1803 1119 1870 observasse
1130 1851 1140 1884 ,

158 1907 288 1988 Paulum
312 1906 344 1974 h.
367 1907 388 1973 l.
408 1907 517 1974 dicere
541 1914 574 1995 τὸ
595 1920 763 1996 μυστήριον
783 1937 814 1978 τ.
837 1919 909 1989 Χ.,
945 1907 1029 1998 quod
1054 1905 1138 1998 llph.
1248 1941 1253 1956 ι

158 2015 216 2082 Ἦ.
253 2017 294 2079 19
337 2023 504 2101 μυστήριον
547 2026 601 2082 τοῦ
639 2017 840 2098 εὐαγγελίου,
882 2027 914 2080 el
954 2015 1062 2082 λαλεῖν
1106 2039 1137 2080 τ.

162 2139 196 2204 μ.
230 2145 259 2184 τ.
296 2127 364 2198 Χ.,
402 2119 489 2207 qnod
523 2125 541 2185 'l
577 2117 649 2188 Gor.
678 2121 733 2190 IV.
770 2127 785 2187 1
822 2132 913 2186 vocnt
939 2141 971 2184 se
1000 2117 1141 2207 aliosque

163 2243 227 2288 esse
251 2229 428 2310 οἰκονόμους
454 2229 630 2313 μυστηρίων
652 2235 739 2296 θεοῦ.
786 2225 927 2293 Eandem
952 2223 1051 2313 igitur
1072 2243 1140 2289 rem

159 2327 243 2393 terii
265 2327 384 2395 indicat
407 2329 542 2400 ratione.

599 2517 619 2602 ς
649 2516 701 2578 to.

516 2650 536 2710 2
558 2643 664 2712 Thess.
688 2646 731 2712 ΙΙ.
756 2652 786 2712 7.

155 2771 213 2846 Τὸ
251 2773 326 2870 γάρ
361 2777 575 2871 μυστήριον
609 2771 679 2864 ἤδη
711 2775 919 2873 ἐνεργεῖται
948 2785 1016 2864 τῆς
1047 2773 1142 2848 (irso-
1185 2827 1186 2834 ο

203 2891 321 2976 μίας,
346 2890 474 2978 μόνον
500 2889 521 2961 ὁ
546 2893 726 2982 κατέχων
751 2888 841 2985 ἄρτι
866 2895 934 2973 ἕως
960 2889 1002 2961 ἐκ
1019 2891 1140 2980 μέσον

205 3004 382 3099 γένητοιι.Ὶ

202 3138 273 3204 Non
299 3139 353 3204 abs
375 3161 409 3205 re
434 3139 578 3224 ridetur,
602 3153 634 3206 et
656 3139 711 3206 hio
733 3163 834 3230 panna
857 3140 897 3206 de
917 3140 1142 3206 orationerer·

157 3245 273 3312 borum
298 3257 441 3312 contextu
467 3267 695 3334 praemonere;
720 3268 825 3312 seusus
847 3245 931 3311 euim
957 3267 1029 3310 oum
1052 3256 1142 3310 unte·

158 3348 344 3415 cedentibus
366 3363 412 3416 est
433 3351 582 3438 junctus,
608 3349 693 3437 quod
713 3373 770 3416 vox
794 3357 852 3438 γὰρ
874 3350 947 3415 satis
975 3349 1105 3414 indicat.

206 3453 283 3544 Gap.
314 3457 330 3522 Ι
362 3457 430 3522 lleo
454 3456 568 3546 gratias
600 3455 735 3546 agendas
763 3479 827 3523 esse
860 3456 938 3522 dicit
962 3477 1021 3544 pro
1043 3453 1142 3521 Thes·

154 3558 396 3628 salonioeusium
433 3561 497 3629 lide
528 3574 560 3628 et
584 3583 690 3650 amore
712 3574 891 3641 oresoente;
927 3561 1031 3626 adesso
1056 3559 1140 3633 enirn

156 3663 288 3754 quidem
317 3665 472 3754 angustias
505 3666 745 3754 vexationesque
770 3664 908 3732 hostium
935 3664 981 3729 rei
1007 3663 1141 3731 Christi-

148 3791 257 3849 anae,
287 3769 341 3836 sed
368 3766 423 3834 has
445 3792 510 3836 osse
532 3770 564 3834 in
587 3769 800 3838 testimonium
817 3769 938 3858 judicii
956 3770 1036 3858 justi
1059 3769 1140 3849 uei,

156 3872 216 3963 qui
252 3895 366 3963 nempe
403 3873 575 3962 Euangelio
602 3876 678 3941 lesu
711 3873 829 3941 Ohristi
861 3897 924 3939 non
958 3873 1141 3940 obedientes

158 3994 218 4071 per
239 3971 325 4043 huno
349 3977 390 4044 sit
412 3978 523 4068 poenis
544 3977 736 4060 afflicturus,
769 3979 900 4072 gloriam
922 3991 1026 4046 autem
1050 3999 1138 4044 suam

156 4147 273 4167 m
350 4163 352 4170 Ι

195 4225 239 4294 (l)
277 4226 316 4282 Cl.
338 4243 416 4280 ornes
429 4267 437 4294 ‚
456 4227 474 4280 l·
495 4230 511 4281 Ι.
532 4249 558 4298 p.
579 4231 639 4282 172.

841 4315 888 4378 4*
