2958 5096
548 500 550 506 ·
649 471 741 542 1¹59.

193 725 262 778 tuns
290 731 398 776 revera
419 730 456 776 er
480 705 740 780 antecedentibus
759 701 910 770 illustrari
926 715 1036 793 sponte
1061 713 1172 791 patet3

192 838 263 882 nam
297 813 462 902 inquisitio
490 812 523 878 in
550 813 627 878 Jesu
649 813 778 900 ejusque
800 807 1023 898 Apostolorum
1045 817 1172 882 senten-

192 921 269 992 tiam
305 919 454 985 certiores
482 941 536 984 nos
566 916 726 993 reddidit,
752 915 995 1004 patefactionem
1020 908 1174 978 Christia-

192 1047 265 1090 nam
278 1073 287 1106 ,
312 1025 376 1090 sire
400 1024 561 1112 objectum
585 1021 784 1110 Dogmatices
808 1017 1004 1086 Christianae
1026 1015 1172 1105 magnili·
1250 1088 1254 1101 ι

193 1151 263 1196 cum
277 1178 288 1208 ,
310 1137 374 1194 non
404 1129 568 1194 continere
593 1126 763 1214 mysteria,
799 1125 831 1189 id
855 1137 925 1204 est,
960 1145 1009 1188 res
1032 1141 1096 1186 non
1119 1121 1173 1186 in-

193 1233 378 1322 telligendas
392 1283 401 1314 ,
426 1253 531 1320 neque
551 1231 600 1297 his
626 1231 796 1299 contineri.
844 1231 930 1315 Quae
956 1227 1096 1292 nondum
1117 1225 1174 1290 ad-

194 1350 284 1406 eraut
313 1338 346 1402 in
378 1337 530 1427 religione
562 1335 805 1415 Christianare
833 1334 1002 1422 lectoque,
1035 1331 1113 1396 haec
1136 1351 1173 1396 ex

195 1439 336 1530 ipsorum
370 1453 476 1506 mente
510 1455 600 1506 erent
631 1439 782 1505 hactenus
814 1438 984 1526 mysteria,
1016 1459 1078 1501 non
1100 1456 1174 1500 raro

193 1547 341 1632 mysteria
366 1553 458 1610 'erant
480 1567 528 1610 res
551 1542 610 1610 hae
632 1543 742 1610 illaere
758 1567 820 1608 non
843 1541 1075 1630 intelligendae.
1101 1541 1175 1606 Pos-

195 1650 311 1716 teriora
347 1662 452 1716 autem
485 1662 628 1739 tempora
665 1648 758 1714 aliam
792 1646 852 1714 hac
885 1647 925 1712 de
959 1669 994 1711 re
1028 1645 1174 1710 foverunt

195 1753 400 1842 opinionem,
434 1767 465 1820 et
501 1755 631 1843 quidem
655 1751 756 1821 hanc:
784 1763 967 1842 argumenta
989 1748 1175 1840 patefactio·
1226 1795 1232 1804 ,

193 1859 242 1923 nis
283 1856 481 1925 Christianae
516 1859 689 1948 praecipua
725 1880 791 1924 esse
825 1856 995 1944 mysteria,
1028 1854 1176 1943 dogmata

195 1963 357 2047 abstrusa,
382 1986 444 2028 non
470 1963 699 2053 Intelligenda,
724 1985 805 2052 quae
827 1962 956 2052 quidem
984 1972 1074 2025 erant
1091 1982 1176 2046 mys·

199 2066 278 2132 teria
300 2068 478 2156 patefacta,
504 2068 568 2133 sire
591 2091 660 2148 res,
686 2089 767 2155 quae
789 2079 935 2156 tanquam
957 2077 1062 2130 certae
1085 2078 1176 2131 erent

181 2175 396 2264 patefactae,
426 2176 480 2240 sed
502 2197 638 2264 quorum
661 2190 772 2241 natura
798 2187 830 2242 et
852 2173 972 2240 indoles
995 2173 1058 2238 fide
1085 2185 1176 2238 erent

198 2279 411 2360 reverendae,
435 2302 498 2344 non
528 2281 603 2346 item
628 2280 750 2345 ratione
774 2279 1007 2368 intelligendae.
1054 2277 1097 2342 At
1118 2299 1176 2366 pa·

194 2383 327 2448 vtefactio
345 2382 526 2450 Christiana
553 2407 652 2473 quum
684 2387 752 2472 jam
775 2397 925 2474 appareat
950 2395 1092 2450 constare
1116 2381 1173 2460 iis,

197 2509 280 2575 quae
302 2501 392 2554 antea
416 2488 556 2554 nondum
581 2509 615 2554 re
634 2502 666 2567 et
687 2489 770 2556 lacto
794 2490 945 2572 aderant,
969 2500 1001 2553 et
1025 2485 1175 2552 hactenus

195 2592 347 2679 mysteria
381 2593 444 2660 sint
468 2617 550 2684 quae
568 2595 710 2685 nondum
734 2617 770 2662 re
794 2595 942 2684 factoque
969 2591 1093 2671 adsint,
1117 2611 1176 2655 re·

200 2717 269 2762 rum
291 2698 353 2764 sint
381 2699 622 2788 patefacienda,
636 2702 704 2788 jam
720 2702 759 2766 in
772 2701 838 2766 dies
851 2699 949 2789 magis
961 2697 1127 2788 perspicue
1140 2696 1178 2761 lit
1206 2698 1216 2707 '

197 2824 234 2866 ac
257 2801 355 2871 clera.
403 2805 483 2870 Nam
503 2807 578 2892 jure
601 2805 717 2870 merito
743 2803 936 2871 Christianos
959 2801 1108 2892 augurari
1136 2800 1175 2866 li-

198 2918 269 2985 oet,
303 2929 339 2972 ea
371 2930 452 2996 quae
474 2906 626 2974 hactenus
648 2922 721 2976 sont
743 2908 947 2988 abscondita,
981 2919 1012 2974 et
1035 2905 1175 2971 nondum

198 3009 322 3090 adsint,
353 3035 416 3077 non
445 3035 520 3079 vero
542 3013 603 3080 sint
626 3014 753 3103 ignota,
787 3012 865 3080 haec
891 3013 967 3079 olim
990 3011 1083 3102 plene
1104 3011 1176 3076 luce

197 3137 262 3180 esse
286 3103 420 3182 affutura
447 3131 479 3184 et
508 3117 592 3184 clare
614 3120 848 3209 conspicienda.
895 3106 1088 3198 Petelactio,
1111 3139 1171 3184 re-

196 3241 254 3298 ro,
287 3221 375 3309 cujus
402 3241 586 3312 argumenta
606 3225 778 3316 praecipua
803 3237 875 3291 sont
897 3248 946 3291 res
967 3246 1030 3290 non
1054 3221 1176 3288 intelli-

197 3324 335 3412 gendae,
369 3339 423 3393 aut
452 3351 532 3417 quae
556 3328 752 3397 solummodo
774 3331 956 3398 continetur
978 3327 1085 3411 hisce,
1110 3327 1175 3395 dici

196 3453 260 3496 non
293 3443 416 3520 potest,
451 3456 514 3522 quo
544 3436 669 3501 taudem
706 3459 782 3502 acro
804 3435 941 3502 humana
967 3434 1091 3500 ratione
1115 3455 1172 3500 ce-

199 3535 315 3624 piende
336 3535 396 3604 ait:
422 3536 486 3602 imo
505 3559 541 3604 er
558 3538 807 3628 coryphaeorum
829 3541 977 3631 opinione
994 3537 1088 3628 hujus
1102 3557 1177 3628 par·

198 3639 396 3729 redigendae
444 3662 616 3730 numquam
651 3641 824 3710 humanum
863 3643 1024 3734 ingenium
1055 3641 1104 3708 his
1142 3641 1176 3706 in

196 3743 289 3809 terris
327 3765 424 3833 capax
464 3745 546 3827 erit;
586 3747 638 3814 sed
668 3747 708 3814 ad
741 3772 778 3816 ea
810 3749 976 3814 revelanda
999 3747 1175 3838 requiritur
1243 3732 1245 3740 ¹

197 3845 295 3914 altera
327 3847 402 3917 rita.
450 3848 600 3938 Sequitur
627 3873 701 3918 raro
726 3876 762 3919 ex
786 3853 939 3920 illustrata
964 3852 1176 3943 patefactione

199 3947 399 4034 Christiana,
433 3951 595 4022 hominem
633 3955 848 4026 Christianum
876 3961 1022 4026 lubenter
1053 3979 1175 4023 summa

198 4079 258 4146 ope
280 4057 340 4123 niti
353 4072 521 4149 oportere,
545 4075 580 4128 ut
592 4063 748 4132 excelsum
761 4064 838 4132 illud
853 4066 911 4132 llei
924 4087 1021 4155 opus,
1044 4085 1093 4130 rea
1107 4061 1175 4128 illas

146 4247 150 4254 ι
195 4162 366 4252 patefactas
392 4179 446 4234 aut
467 4167 722 4257 patefaciendas,
748 4171 899 4239 relatione
916 4167 1024 4238 hahita
1043 4167 1173 4234 humani
