2938 5080
653 493 698 566 19

181 730 228 795 rei
246 729 380 797 lectores
401 715 521 796 nescios
541 731 676 821 amplius
696 749 762 796 esse
784 729 851 820 ipse
876 751 939 794 non
963 727 1057 809 velit,
1081 749 1170 795 eam·

181 859 243 926 qne
265 859 331 902 rem
353 860 418 903 esse
440 834 542 906 hano:
569 837 812 902 obdurationem
837 835 934 900 animi
956 837 1033 925 (qua
1057 833 1166 901 Euan·

160 940 298 1030 “pelium
322 943 389 1007 non'
410 942 618 1031 susciperent)
638 955 761 1007 tantum
783 953 926 1031 exparte
945 939 1168 1007 Israelitised·

179 1033 267 1125 esse,
291 1063 323 1112 et
344 1069 382 1112 eo
395 1069 493 1134 usque
517 1048 611 1112 modo
631 1070 695 1112 esse
717 1045 922 1126 duraturam,
941 1069 1004 1136 quo
1025 1045 1166 1113 Gentiles

178 1173 286 1215 omnes
310 1153 342 1216 in
364 1151 536 1217 Ecclesiam
564 1149 692 1241 ingressi
715 1152 797 1232 sint;
825 1174 887 1240 quo
912 1151 996 1216 iacto
1018 1149 1168 1216 servanda

177 1253 217 1318 sit
249 1267 317 1320 tota
347 1279 421 1346 gens
443 1256 630 1326 Israelitica.
655 1291 699 1304 -
723 1255 911 1322 Lectoribus
935 1255 1031 1344 igitur
1056 1267 1167 1322 notum

177 1359 254 1424 facit
278 1361 391 1426 Paulus
414 1363 600 1450 mysterium
625 1361 748 1440 hocce,
781 1361 849 1428 iore
873 1376 1020 1452 tempus,
1045 1382 1109 1449 quo
1134 1367 1169 1426 et

177 1457 339 1531 israelitae
363 1465 442 1531 fiant
466 1489 573 1532 omnes
597 1465 758 1533 Ecclesiae
784 1463 982 1533 Christianae
1006 1465 1106 1547 socii,
1135 1469 1167 1529 et

179 1562 257 1635 haec
278 1570 356 1636 adeo
380 1571 436 1636 fiat
458 1573 641 1661 conjunctio
664 1585 729 1638 turn
754 1570 928 1640 Gentilium
950 1587 1018 1638 turn
1040 1569 1167 1638 Israeli-

179 1683 296 1744 tarum.

224 1777 294 1842 Hoc
329 1777 426 1868 igitur
459 1777 564 1844 locum
596 1801 661 1844 esse
689 1771 898 1864 habiturum,
922 1777 1041 1845 sciebat
1068 1789 1166 1868 atque

178 1894 287 1970 aperte
307 1883 515 1971 profitebatur
538 1883 725 1973 Apostolus,
751 1885 899 1974 idemque
919 1885 1015 1950 etiam
1038 1883 1168 1950 lectori·

178 1983 239 2051 bus
263 1983 346 2052 haud
371 1987 512 2077 ignotum
537 2013 602 2056 esse
625 1987 746 2070 voluit,
770 2013 867 2080 quum
892 1990 924 2054 id
938 1990 975 2056 iis
988 1989 1168 2078 communi-

181 2103 244 2155 cet.
292 2093 381 2158 Petet
404 2093 518 2182 igitur,
540 2097 732 2184 mysterium
754 2093 808 2162 bic
834 2117 900 2161 rem
922 2118 987 2161 esse
1003 2117 1105 2184 neque
1116 2095 1167 2160 in·

182 2193 364 2282 cognitam,
397 2220 499 2287 neque
526 2221 588 2264 non
611 2199 881 2289 cognoscendam,
905 2200 1166 2290 qnandoquidem

179 2287 293 2363 Paulus
324 2323 391 2366 eam
425 2312 456 2370 et
488 2304 553 2394 ipse
582 2305 699 2384 sciret,
735 2318 766 2370 et
800 2305 880 2370 scire
903 2303 1035 2371 lectores
1056 2304 1165 2376 vellet.

177 2405 312 2492 Insuper
329 2419 436 2492 patet,
451 2408 582 2475 Paulum
594 2433 664 2475 eam
678 2431 780 2500 neque
791 2411 871 2475 scir'e
887 2409 1007 2476 ratione
1026 2409 1162 2498 quadam

176 2509 330 2600 peculiari
352 2511 400 2578 rel
420 2513 633 2604 patefactione
656 2514 769 2580 Divina
792 2514 991 2594 immediate,
1009 2536 1080 2580 curn
1093 2517 1162 2603 jam

177 2611 251 2680 inde
274 2638 290 2679 e
316 2611 352 2685 0.
366 2616 440 2685 Χ.8
465 2619 598 2685 eandem
623 2643 689 2686 rem
716 2619 848 2710 egisset,
873 2643 968 2712 quam
988 2617 1048 2686 hoc
1068 2643 1162 2688 versu

174 2719 284 2808 paucis
307 2722 411 2788 verbis
435 2723 578 2806 indicat,
605 2749 699 2814 quem
726 2725 797 2790 ideo
824 2739 856 2791 et
875 2725 988 2816 incipit
1001 2723 1163 2792 vocabulis

175 2829 211 2892 ori
246 2831 323 2912 γὰρ,
359 2829 515 2893 rationem
551 2829 758 2894 reddentibus
791 2853 924 2916 eorum,
962 2852 1043 2918 quae
1072 2829 1162 2919 prius

175 2927 307 2999 dixerat.
331 2966 376 2978 -
400 2927 487 3022 Opus
515 2931 612 3020 igitur
641 2947 687 2998 est
713 2933 892 2998 accuratius
916 2933 947 2996 in
972 2931 1076 2998 locum
1102 2934 1159 2998 in-

175 3033 323 3121 quirene,
350 3035 480 3125 ejusque
502 3060 574 3102 cum
603 3036 862 3103 antecedentibus
877 3035 1112 3104 cohaerentium
1126 3039 1158 3106 in

174 3131 244 3202 luce
267 3162 397 3228 ponere.
446 3139 643 3231 lisposuerat
665 3143 739 3208 inde
762 3167 779 3208 e
802 3136 837 3210 (i.
862 3143 900 3210 x.
915 3145 1059 3224 tet-13,
1087 3167 1160 3211 cm·

173 3239 267 3307 nibus
280 3293 290 3323 ,
312 3255 343 3308 et
364 3243 497 3313 Judaeis
520 3259 552 3313 et
575 3247 776 3329 Gentilibus,
800 3249 981 3314 annuntiari
996 3247 1157 3340 vlluange-

173 3345 276 3427 liumg
314 3372 356 3415 rs.
383 3355 538 3434 14-21,
572 3353 712 3421 Judaeos
736 3365 840 3420 autem
866 3367 928 3420 non
952 3379 1059 3423 omnes
1081 3355 1159 3423 huic

173 3453 291 3517 nuncio
321 3455 485 3523 obsecutos
520 3482 607 3540 esse,
646 3457 786 3526 Gentiles
818 3482 892 3525 vero
923 3459 1038 3526 multos
1061 3460 1158 3528 fidem

172 3557 248 3624 Jesu
288 3556 414 3626 Christo
443 3559 608 3646 habuisse;
646 3562 682 3632 0.
706 3565 761 3632 lli.
792 3561 897 3646 1—5,
930 3557 1031 3631 Deum
1052 3577 1158 3631 tamen

172 3684 236 3728 non
256 3675 358 3728 totum
376 3667 531 3755 populum
551 3668 760 3736 israeliticum
787 3669 941 3758 rejicere,
965 3669 1018 3736 sed
1040 3670 1088 3736 rel
1111 3671 1156 3738 sic

172 3787 246 3843 eos„
272 3787 349 3861 prae
371 3771 471 3856 gratia
497 3774 573 3854 sud,
603 3773 643 3838 nd
665 3774 837 3840 Ecclesiam
859 3793 993 3854 recare3
1018 3798 1062 3844 rs.
1085 3776 1155 3842 7-

175 3877 236 3952 10,
258 3868 372 3939 horum
398 3897 470 3940 vero
490 3877 628 3959 multos,
650 3881 755 3944 animo
779 3892 810 3946 et
833 3891 940 3945 mente
961 3879 1155 3962 obduratos,

171 3975 297 4065 perire3
327 3983 480 4063 11-24,
503 3979 586 4050 hanc
611 3983 878 4065 obdurationem,
904 3985 1156 4075 quaJudneire·

166 4079 281 4168 jicicnt
300 4083 454 4166 salutem,
476 4110 541 4153 esse
563 4110 711 4169 causam,
732 4110 831 4180 quare
854 4089 956 4156 rccoti
979 4090 1041 4156 sint
1062 4091 1151 4157 Gen-

170 4183 263 4268 tiles3
301 4186 417 4257 lacrum
447 4205 552 4260 nutem
586 4195 751 4262 vocatione
776 4208 808 4262 et
831 4210 954 4261 assensu
982 4194 1154 4284 Euangelio

836 4303 883 4368 2.
