2958 5096
822 513 893 583 ltu

363 771 396 812 sc
428 745 498 812 bald
531 769 566 812 er
597 745 693 814 dabin
723 749 886 829 kdmrnet,
921 748 990 814 dass
1017 771 1053 816 er
1076 750 1239 839 mulget,
1277 771 1339 836 πως

360 853 437 920 Gctt
459 874 519 918 von
539 852 656 918 diesem
675 849 875 920 Gebeimniss
895 854 997 921 seiner
1010 855 1338 944 verborgenenWeis·

249 1037 257 1050 ·
359 955 426 1022 beit
448 955 652 1024 rerbebalten
664 1007 674 1038 ‚
698 959 833 1025 driicket
856 982 905 1025 ers
922 960 1053 1040 nieder,
1078 960 1142 1026 und
1161 958 1338 1026 scbneideto

360 1063 419 1126 abe
442 1062 502 1128 mit
524 1059 774 1152 nacblolqenden
802 1065 962 1131 Warten”
994 1065 1057 1130 loci
1079 1065 1140 1131 bac
1162 1065 1195 1130 in
1219 1085 1255 1129 re
1277 1063 1338 1130 tri·

360 1168 472 1234 tissimi
494 1169 586 1236 Rom.
611 1169 666 1236 xl.
692 1174 756 1250 33,
781 1170 899 1257 340).

406 1273 450 1338 Ex
471 1271 572 1338 allatis
593 1271 737 1338 ridemur
759 1275 850 1340 nobis
870 1297 959 1364 posse
983 1272 1190 1340 concludere:
1213 1275 1338 1362 ‘crigi-

357 1401 430 1442 nem
464 1377 699 1456 diversitatis,
735 1399 798 1467 qua
830 1379 1019 1466 mysterium
1052 1376 1197 1442 habiturn
1228 1379 1269 1442 sit
1290 1398 1339 1442 res

246 1495 252 1514 ¹
359 1503 421 1547 nun
457 1479 684 1570 intelligenda,
720 1483 816 1548 etiam
855 1483 960 1572 quoad
994 1481 1337 1558 Praedestinationem,

359 1589 460 1650 sitam
481 1607 552 1650 esse
574 1589 610 1650 in
637 1586 792 1652 doctn'na
814 1588 1087 1665 Ecclesiastico,
1116 1587 1235 1676 qnippe
1265 1585 1340 1652 talia

362 1689 568 1771 continente,
589 1713 671 1780 qnae
695 1691 865 1758 humanam
886 1690 1125 1780 intelligentiam
1146 1691 1289 1780 fugiant,
1308 1701 1339 1756 et

360 1794 594 1883 quaestionibus
618 1817 723 1860 ansam
748 1795 843 1863 dante
864 1819 926 1862 nco
948 1795 1115 1863 solvendis.

806 2017 823 2104 ς
849 1983 901 2080 aa.

408 2185 545 2251 Tandem
572 2198 689 2268 restat,
718 2199 754 2251 ut
774 2186 957 2271 rideamus,
988 2207 1143 2274 quaenam
1167 2185 1207 2248 sit
1230 2183 1340 2272 origo,

363 2313 424 2379 qua
460 2289 641 2356 Satisfactio
675 2290 849 2356 existimata
883 2292 923 2355 sit
954 2313 1003 2356 res
1029 2313 1101 2360 nou¹
1126 2287 1343 2376 intelligenda.

365 2395 468 2459 Pauca
508 2407 629 2460 tontum
654 2416 673 2458 a
695 2395 786 2460 nobis
816 2392 876 2460 hac
908 2394 1005 2460 dere
1028 2393 1167 2483 proferri
1188 2405 1317 2482 possunt
1331 2441 1344 2472 ,

365 2498 646 2588 quandoquidem,
679 2522 715 2564 er
752 2499 935 2564 auctoribus
965 2497 1220 2587 antiquioribus,
1255 2497 1346 2589 testi·

361 2605 469 2669 monia
492 2617 615 2670 tanturn
637 2624 773 2671 ansatur
796 2605 911 2670 diserta
934 2602 994 2670 bac
1016 2604 1056 2670 de
1081 2625 1115 2669 re
1138 2601 1229 2667 nobis
1251 2603 1345 2668 iunu-

364 2721 503 2776 tuerunt.
582 2695 584 2703 '

410 2814 461 2879 Ab
494 2815 579 2878 omni
608 2824 712 2878 antem
737 2824 851 2903 parte,
882 2812 995 2903 primis
1018 2813 1234 2903 temporibus,
1267 2812 1345 2878 doc-

365 2917 447 2982 trina
472 2917 511 2982 de
533 2915 744 2983 satisfactione
765 2918 797 2982 in
822 2917 961 2984 Ecclesia
984 2915 1199 2987 vacillaverat:
1224 2917 1344 2984 etenim

365 3021 464 3109 viguit
496 3022 551 3087 diu
575 3010 749 3102 sententia,
781 3043 839 3110 per
861 3021 972 3088 Jcsum
996 3019 1157 3088 Christum
1180 3033 1343 3109 tamquam

365 3129 492 3212 λύτρον.
519 3123 690 3192 humanum
722 3148 819 3215 genus
850 3125 1018 3192 liberatum
1052 3149 1116 3192 esse
1147 3139 1346 3216 epotestete

366 3229 509 3296 Satanae.
556 3232 643 3296 llaec
673 3229 826 3296 sententia
858 3231 994 3320 vulgaris
1018 3231 1087 3298 lere
1109 3230 1170 3296 fuit
1194 3244 1266 3297 ante
1290 3253 1345 3296 ae-

366 3348 463 3401 tatem
497 3353 651 3416 snsnnnr,
684 3334 759 3422 qui,
807 3331 888 3398 banc
923 3335 1111 3400 sententiam
1145 3356 1207 3398 non
1242 3335 1347 3400 teneri

365 3461 455 3529 posse
495 3461 531 3504 ac
565 3437 804 3505 difficultatibus
835 3439 1016 3528 permagnis
1047 3438 1162 3529 premi,
1185 3439 1346 3521 sentiens,

368 3545 460 3610 aliam
492 3543 636 3636 protulit.
680 3543 751 3608 Non
780 3543 864 3607 enim
888 3543 994 3632 potuit
1017 3566 1079 3608 non
1104 3541 1243 3632 abjicere
1267 3565 1346 3608 seu-

367 3650 516 3732 tentiam,
558 3671 661 3736 quae,
702 3669 766 3736 quo
807 3648 906 3738 magis
945 3647 977 3712 iu
1010 3647 1110 3738 ipsam
1143 3647 1349 3734 inquireret,

368 3775 407 3820 co
438 3756 571 3842 majores
603 3752 666 3843 ipsi
698 3753 863 3841 praeberet
896 3751 1107 3823 difficultates.
1153 3751 1280 3817 Etenim
1316 3766 1350 3818 et

369 3858 539 3925 sententia:
572 3855 731 3922 bominem
765 3855 866 3930 teneri
897 3855 930 3920 in
953 3869 1107 3946 potestate
1131 3855 1283 3936 Diaboli,
1318 3869 1353 3922 et

371 3960 551 4052 inquisitio:
586 3983 721 4050 quonam
750 3963 824 4049 jure
858 3957 953 4026 bomo
982 3959 1130 4050 potestati
1153 3959 1282 4028 Diaboli
1310 3957 1355 4026 sit

370 4124 523 4139 ..m-a—

409 4209 675 4279 uterquc
