2958 5096
521 791 680 864 CAPUT
707 794 767 863 11.
916 861 921 868 .

183 929 423 1028 Inqoa'n'tur,
449 939 558 1034 quali
579 963 688 1011 sensu
712 941 781 1012 dna
803 963 861 1012 raa
881 938 1001 1011 derna
1024 941 1104 1010 naar

537 1048 743 1178 motem

586 1473 604 1556 ς
628 1477 681 1538 ar.

189 1619 398 1708 Inquisituri,
429 1621 515 1711 quali
547 1646 639 1689 sensu
660 1647 718 1703 ea,
749 1646 832 1712 quae
855 1624 990 1689 vidimus
1010 1637 1129 1712 myste-

141 1723 189 1794 ria
222 1725 382 1814 appellata
419 1751 484 1794 esse
520 1729 552 1794 in
585 1729 740 1816 religione
767 1728 965 1809 Christiana,
998 1729 1128 1795 sintita

147 1829 321 1917 appellata,
343 1832 449 1898 denuo
477 1834 560 1923 ipsos
582 1847 726 1900 auctores
752 1849 941 1925 exponentes
963 1833 1129 1900 haedere

148 1935 309 2002 audiamus
341 1961 466 2004 neeesse
495 1957 554 2006 est.
612 1941 783 2006 Videamus
818 1941 915 2030 igitur
946 1963 1053 2006 rursus
1085 1939 1126 2006 de

146 2039 292 2128 singulis,
315 2065 395 2130 quae
417 2043 501 2109 dieta
525 2057 597 2110 sunt
619 2048 781 2132 mysteria.

137 2201 140 2222 ‚
186 2147 225 2211 Δ.
276 2147 421 2215 Trinitas.

185 2251 231 2318 Ile
251 2273 291 2316 ea
317 2251 415 2330 dieit,
445 2253 492 2318 uti
509 2255 575 2342 jam
596 2253 752 2334 vidimus,
773 2273 1006 2320 rnrrntnnus:
1038 2253 1124 2318 »lu-

144 2375 258 2420 eaosum
274 2403 283 2423 .
297 2404 306 2422 .
321 2405 354 2424 ..
382 2355 579 2437 laboramus,
600 2357 624 2421 si
650 2357 681 2421 id
696 2343 821 2446 aperire
837 2359 1017 2446 quaerimus
1028 2406 1037 2436 ,
1047 2403 1057 2422 .
1069 2403 1078 2422 .
1090 2404 1121 2426 ..

143 2460 219 2546 quod
235 2511 245 2529 .
345 2461 473 2527 ornnino
500 2462 617 2550 aperiri
639 2484 701 2526 non
725 2475 849 2550 potest,
874 2474 909 2528 ut
934 2460 1011 2526 illud
1034 2459 1123 2525 ride·

141 2561 210 2630 lieet
240 2565 403 2630 ineffabile
439 2568 601 2632 Trinitatis
631 2571 856 2653 mysterium.''
885 2565 925 2632 el.
954 2570 973 2654 §
999 2570 1054 2630 29.
1076 2601 1123 2616 -

141 2666 340 2738 Lonoaunus
363 2671 384 2736 l.
409 2671 430 2738 l.
449 2670 509 2738 hae
532 2673 654 2737 ratione
678 2672 718 2736 de
743 2670 959 2760 reloquitur:
1002 2671 1123 2738 »blena

140 2769 269 2864 deficit,
304 2799 362 2840 ror
394 2775 465 2841 silet
476 2825 579 2854 .....
613 2755 705 2866 supra
739 2787 928 2865 potestates,
960 2789 993 2840 et
1025 2797 1120 2863 supra

140 2875 294 2967 Angelos,
328 2893 360 2946 et
387 2904 481 2970 supra
503 2878 689 2960 Cherubin,
716 2892 748 2944 et
769 2902 863 2968 supra
884 2877 1065 2968 Seraphin,
1088 2893 1121 2946 et

140 3001 230 3071 supra
262 3007 386 3050 ornnern
418 3008 542 3052 sensum
566 2997 727 3053 estz....
763 2997 799 3049 tu
823 3006 896 3072 ergo
918 2985 965 3048 ori
990 3007 1120 3052 manum

140 3087 289 3156 admove:
323 3092 470 3166 serutari,
490 3113 552 3155 non
584 3090 659 3154 lieet
681 3111 816 3177 superna
841 3088 1028 3176 mysteria.'’
1076 3090 1119 3156 Δὶ

139 3189 197 3257 alio
219 3193 293 3258 loeo
315 3193 377 3261 hoe
403 3196 549 3260 disertius
572 3195 703 3276 ellatur,
734 3193 889 3261 dicendo:
922 3193 1015 3260 »llic
1033 3195 1119 3260 eninr

140 3299 270 3364 rationis
282 3301 371 3364 'ordo
394 3300 552 3389 postulat,
580 3299 691 3387 utqui
716 3299 747 3362 in
775 3298 880 3387 primo
902 3297 985 3364 libro
1007 3299 1047 3364 de
1071 3300 1119 3364 in·

140 3401 318 3490 explicabili
359 3407 509 3491 mysterio
539 3426 677 3468 summae
712 3403 876 3469 Trinitatis
907 3401 1120 3491 irrefragabili

140 3503 326 3572 Sanctorum
350 3511 549 3574 attestatione
574 3507 693 3597 aliquid
720 3507 873 3589 dirimas,
896 3529 932 3570 ao
955 3506 1070 3574 deinde
1086 3508 1119 3572 in

140 3613 174 3672 2⁰
197 3610 254 3677 lib.
280 3613 469 3680 conditionis
489 3636 599 3679 rerum
622 3612 789 3689 ordinem,
814 3607 1023 3698 'hominisque
1046 3609 1120 3700 lap-

140 3734 206 3781 sum
232 3718 291 3782 suh
313 3720 406 3784 eertis
429 3718 629 3785 authoritatis
650 3717 764 3807 regulis
778 3716 1022 3785 insinuavimus:
1048 3719 1119 3784 de”

139 3841 207 3909 sqq.
263 3823 301 3888 ln
337 3825 400 3889 fine
436 3824 511 3890 libri
545 3826 593 3889 2di
629 3822 888 3888 Sententiarum.
908 3823 965 3870 '-
995 3823 1119 3888 Eodem
1235 3881 1246 3906 ,

138 3925 232 3992 modo
265 3928 359 3993 sentit
390 3949 602 3998 nnauaonos:
667 3929 767 3995 »Non
800 3927 915 3993 rationi
947 3928 1115 4017 perspicu-

137 4049 212 4110 um,
246 4055 305 4098 nee
339 4047 444 4098 tamen
469 4035 611 4124 opinioni
631 4033 835 4124 ambiguum,
860 4033 913 4098 sed
938 4032 1013 4098 lidei
1037 4054 1117 4121 per-

136 4155 268 4202 suasum.
315 4137 552 4206 Sacramentum
588 4138 648 4204 hoe
686 4161 833 4227 magnum
868 4151 934 4211 est.
973 4150 1003 4202 et
1037 4137 1114 4226 quid
1188 4169 1193 4177 ·
