2958 5096
790 477 860 550 108

342 703 391 758 ret
404 739 414 772 ,
445 701 481 755 ut
516 689 655 778 primum
686 689 839 756 scriberet
869 687 960 754 illum
989 688 1236 772 Protrepte‘cum
1260 687 1323 752 sire

341 779 615 872 cohortationem,
658 815 739 880 quae
781 795 1023 878 ἀποκάθαρσιν,
1061 799 1321 882 purgationem,

340 887 479 966 efficeret
511 897 706 982 Gentilium,
741 920 803 986 qua
831 895 864 962 hi
894 896 1055 979 habebant
1085 919 1185 986 opus,
1215 908 1250 960 nt
1281 895 1323 961 nd

337 1011 434 1092 μικρὰ
456 1004 640 1070 accederent
661 1006 800 1093 primum
821 1015 963 1091 μυςήρια.
1012 1004 1098 1088 Quae
1121 1014 1226 1068 autem
1244 1006 1324 1068 e'ao·

339 1121 491 1196 καθάρσει
522 1107 606 1199 apud
641 1113 775 1174 Graecos
805 1113 949 1198 antiquos
981 1107 1169 1174 succedebat
1189 1117 1324 1192 μυήσις,

339 1217 516 1295 initiatio,
543 1237 580 1282 ee
601 1214 822 1281 inveniebatur
843 1217 874 1280 in
896 1213 1066 1282 Clementis
1088 1235 1183 1302 opere
1202 1211 1323 1292 altero,

338 1320 563 1410 Paedaqogo,
594 1319 650 1406 qui
677 1322 764 1407 quasi
795 1327 890 1408 μικρὰ
911 1330 1044 1407 μυςήρια
1066 1319 1229 1398 continet,
1260 1319 1324 1382 sire

337 1424 525 1515 popularem
554 1427 695 1490 omnium
716 1423 966 1492 Christianorum
986 1413 1239 1502 institutionem,
1267 1443 1326 1486 no·

338 1531 424 1597 ruine
453 1553 490 1596 er
516 1528 585 1598 Gal.
613 1531 740 1598 111.24
766 1533 880 1621 petito.
928 1531 1068 1596 Tertium
1093 1526 1231 1614 denique
1253 1524 1324 1592 Gle-

337 1637 451 1700 mentis
471 1657 548 1726 opus
577 1633 751 1700 Stromata
771 1637 917 1702 convenit
939 1656 1013 1701 cum
1033 1625 1205 1700 Gentilium
1228 1637 1325 1699 ἐποπ-

338 1743 429 1828 veie,
461 1762 542 1828 qnae
567 1744 681 1825 μύησιν
706 1741 918 1826 sequebatur,
949 1750 1080 1824 eratque
1101 1737 1325 1824 mysteriorum

271 1915 273 1920 ,
337 1837 527 1934 magnorum
558 1845 815 1933 contemplatio;
857 1865 930 1908 nem
971 1843 1134 1908 continent
1167 1842 1326 1910 Stromata

337 1951 570 2015 institutionem
595 1947 778 2014 absolutam¹
793 1947 943 2028 illorum,
973 1949 1029 2036 qui
1048 1968 1230 2036 supremum
1252 1966 1327 2035 per·

339 2055 483 2120 fectionis
518 2050 720 2119 Christianae
756 2052 916 2142 fastigium
952 2055 1108 2142 attingere
1141 2049 1252 2115 volunt
1263 2048 1326 2136 (1).

338 2161 427 2226 Ilaec
446 2160 545 2249 igitur
565 2159 755 2237 ostendent,
777 2181 873 2247 quem
895 2160 986 2248 proni
1009 2157 1130 2222 fuerint
1155 2153 1326 2222 Christiani

339 2280 459 2330 veteres
482 2263 523 2332 ad
543 2265 814 2351 comparationem
828 2264 911 2328 inter
925 2285 1011 2328 secra
1029 2259 1165 2329 Gentilia
1176 2273 1208 2326 et
1219 2257 1328 2325 Chris-

338 2369 446 2450 tiane,
469 2369 690 2456 mysteriorum
718 2380 887 2457 respectu,
910 2367 1146 2432 instituendam.

385 2467 467 2538 (lum
505 2469 591 2537 bisce
628 2494 703 2538 rero
748 2470 844 2536 sacris
889 2470 1063 2538 Gentilium
1110 2468 1265 2557 mysteriis
1299 2467 1328 2533 si

268 2602 275 2620 κ
339 2598 557 2666 comparamus
607 2577 754 2664 mysteria
797 2576 976 2666 primorum
1016 2575 1175 2642 Ecclesiae
1218 2571 1329 2640 Gbris·

338 2680 442 2746 tianae
473 2681 590 2746 civium
626 2680 747 2770 singula
760 2731 770 2762 ,
803 2697 947 2770 magnam
980 2680 1093 2770 utique
1128 2680 1328 2745 observamus

339 2787 435 2853 etiem
458 2785 709 2852 similitudinem.
758 2785 902 2852 Vidimus
930 2787 1042 2867 enim,
1063 2809 1099 2851 ea
1120 2784 1204 2876 apud
1228 2785 1329 2852 Grae·

338 2892 567 2960 cosinstituta
602 2914 690 2970 esse,
720 2903 756 2958 ut
789 2889 1018 2958 conciliaretur
1055 2889 1202 2980 religioni
1230 2911 1323 2978 mag-

338 3019 397 3062 nus
425 2993 544 3064 bonos:
578 2990 710 3062 eendem
743 3009 776 3062 et
809 2995 1017 3064 institutionis
1046 2995 1268 3084 mysteriorum
1291 2994 1328 3058 in

282 3183 285 3186 Ι
339 3099 492 3190 religione
530 3097 706 3166 Christiana
736 3122 801 3166 esse
833 3100 1011 3177 rationem,
1043 3100 1181 3190 probunt
1209 3117 1329 3166 utsmt

338 3207 433 3272 serbe
453 3203 584 3294 allegata
598 3205 670 3293 (2),
698 3227 736 3271 es
761 3196 854 3294 cdjns
873 3227 990 3295 nempe
1010 3217 1117 3271 mente
1140 3205 1220 3270 bene
1242 3225 1326 3269 con-

339 3310 510 3375 stituerunt
531 3307 673 3398 Apostoli
694 3311 887 3399 Panaque,
911 3331 993 3400 quae
1012 3303 1188 3376 venerenda
1213 3307 1246 3372 in
1267 3329 1325 3373 re-

339 3413 456 3504 ligione
490 3409 670 3481 Christiana
700 3426 814 3494 erant,
849 3413 1007 3501 mysteriis
1043 3412 1212 3480 occultare.
1269 3409 1327 3478 Uti

339 3517 416 3599 illa,
448 3517 491 3584 ite
515 3530 552 3614 ⁰¹„
569 3513 648 3583 haec
667 3515 854 3608 plerumque
878 3516 1006 3605 (saltem
1031 3517 1142 3608 primis
1165 3515 1328 3605 tempori-

373 3851 415 3921 (1)
451 3849 584 3922 llusqusm
601 3849 666 3903 boec
683 3850 762 3903 simul
780 3851 817 3902 ite
834 3850 955 3920 exposuit
973 3851 1028 3920 ipse
1047 3851 1185 3916 Clemens,
1203 3850 1240 3901 ita
1254 3855 1285 3900 nt
1297 3865 1332 3902 ex

338 3951 391 3987 uuo
408 3932 525 4006 quodam
542 3937 600 4004 ejus
619 3934 677 3986 loco
694 3932 866 3986 haecomnia
887 3933 1061 4004 comprobare
1080 3951 1134 3988 nou
1145 3932 1263 4004 possim
1282 3931 1334 3986 sed

310 4035 313 4044 ’
336 4038 368 4074 ex
386 4018 475 4072 multis
492 4022 549 4090 ejus
565 4019 629 4072 locis
647 4035 703 4072 rem
720 4019 840 4090 exposuit
859 4036 883 4071 r.
902 4035 1017 4072 norsrnnr
1035 4037 1066 4072 uu
1083 4035 1176 4085 amor,
1193 4018 1281 4088 ‘Disp
1304 4022 1338 4070 de

341 4107 459 4158 Ghmente
478 4103 567 4169 Atre,
585 4105 665 4156 Gron.
689 4103 773 4169 tete,
794 4123 820 4172 p.
840 4103 925 4172 5-t‚
944 4103 1057 4160 25-33.

376 4199 418 4270 (e)
459 4201 489 4254 ra
508 4202 523 4270 y
542 4203 585 4257 rs.
