2958 5096
811 501 881 573 126

351 759 443 828 supra
476 733 655 829 Seraphin,
689 751 722 806 et
761 759 857 829 supra
891 759 1018 805 omnem
1051 761 1175 806 sensum
1200 752 1333 811 est....

350 841 517 910 ineffabilis
543 857 589 910 est
611 844 695 910 enim
721 841 774 908 iiia
798 842 994 933 generatio”
1009 844 1073 933 (i).

398 950 596 1016 Bruttianus
623 961 729 1014 autem
760 947 1016 1015 Claraevailensis
1047 969 1154 1013 rursus
1177 947 1336 1015 distineti-

328 1075 445 1120 ¹anem
469 1052 566 1118 trium
589 1074 795 1142 personarum
820 1053 852 1117 iu
874 1075 937 1118 una
960 1053 1135 1119 substantia
1156 1075 1224 1119 rem
1244 1051 1338 1121 habet

354 1179 417 1223 non
430 1155 685 1246 intelligendam:
714 1158 895 1223 »Dicamus
907 1160 941 1237 ‚''
957 1157 1063 1246 inquit
1076 1207 1086 1237 ‚
1104 1181 1125 1220 >r
1133 1155 1242 1247 itaque
1255 1170 1316 1226 tres
1329 1210 1337 1240 ,

229 1261 236 1268 “
353 1263 406 1330 sed
439 1285 502 1328 unu
531 1263 571 1328 ad
600 1261 833 1352 praejudicium
857 1263 1016 1332 Unitatia:
1051 1263 1194 1329 dinamus
1217 1283 1335 1346 unum,

353 1369 407 1435 sed
430 1389 493 1433 non
513 1368 552 1432 ad
574 1369 789 1433 confusionem
812 1367 976 1434 Trinitatis
990 1413 1000 1436 .
1015 1419 1024 1438 .
1119 1369 1250 1454 Quaerit
1273 1369 1340 1459 quis

353 1469 515 1564 quomodo
535 1471 637 1554 iilud,
662 1474 746 1562 quod
771 1471 973 1540 Catholiaum
993 1495 1058 1539 esse
1078 1473 1237 1554 dicimus,
1261 1495 1336 1564 pos·

355 1579 395 1644 rit
427 1582 517 1650 essai
562 1577 709 1645 Sufficiat
741 1579 772 1644 ei
806 1591 915 1646 tenere
947 1580 992 1645 sie
1022 1601 1098 1647 esse.
1148 1580 1256 1667 Atque
1279 1599 1339 1644 non

356 1681 472 1748 rationi
501 1682 726 1772 perspicuum,
760 1705 820 1748 nec
844 1697 949 1750 tamen
972 1683 1115 1774 opinioni
1133 1666 1340 1774 ambiguum,

356 1787 409 1854 sed
431 1788 507 1852 fidei
533 1809 715 1878 persuasum
726 1792 749 1822 ’'
760 1788 822 1875 (2)

403 1893 527 1958 Diserte
558 1913 625 1958 rem
652 1893 802 1982 exprimit
827 1893 1011 1962 Concilium
1038 1893 1284 1973 lateranense,
1305 1913 1342 1960 ἀ.

363 2001 447 2064 1215
476 1995 642 2081 habitum,
675 1997 716 2062 de
746 1998 848 2064 tribus
871 1999 1013 2088 personis
1035 1999 1068 2063 in
1090 1999 1152 2064 uni
1174 1995 1344 2063 substantii

270 2086 274 2096 ’
360 2115 518 2171 statuens:
563 2103 658 2188 ›er
692 2115 798 2168 autem
830 2102 989 2168 eredimus
1009 2115 1040 2169 et
1065 2103 1254 2168 eonfitemur
1276 2121 1344 2167 eum

360 2209 475 2291 Petro,
496 2208 581 2295 quod
599 2195 667 2272 una
689 2209 845 2298 quaedam
868 2231 989 2274 summa
1011 2231 1059 2274 res
1082 2221 1150 2288 est,
1166 2221 1205 2298 10¹
1229 2210 1345 2274 incom-

360 2311 582 2404 prehensibilis
601 2313 731 2403 quidem
755 2327 788 2380 et
809 2313 998 2394 ineffabilis,
1022 2337 1103 2405 quae
1125 2313 1283 2382 veraciter
1301 2325 1344 2378 est

361 2419 476 2498 Pater,
509 2416 608 2506 Filius
628 2430 660 2484 et
681 2418 820 2509 Spiritus
843 2420 1003 2500 Sanetus,
1037 2431 1101 2485 tres
1123 2417 1216 2484 simul
1238 2439 1347 2509 perso-

361 2543 441 2605 nne,
463 2536 495 2589 et
517 2521 676 2612 sigillatim
701 2523 863 2613 quaelibet
887 2524 1071 2592 earundem.
1118 2524 1158 2589 Et
1182 2522 1256 2589 ideo
1274 2521 1347 2589 Tsi-

360 2629 443 2694 nitas
466 2628 567 2693 solum
588 2641 634 2693 est
658 2629 690 2693 in
715 2629 804 2709 Deo,
826 2649 890 2694 non
911 2628 1129 2714 Quatemitas:
1153 2628 1230 2718 quia
1249 2647 1349 2716 quae-

362 2729 442 2798 libet
482 2731 607 2798 iliarum
651 2753 857 2822 personarum
902 2745 949 2798 est
988 2731 1041 2798 ilia
1080 2755 1154 2816 res,
1203 2730 1350 2798 videlieet
1440 2741 1441 2794 ζ

362 2837 564 2918 substantia,
598 2849 733 2918 natura,
769 2837 901 2904 essentia
935 2837 1065 2917 divina,
1097 2861 1193 2927 quae⁸
1211 2837 1277 2903 sola
1305 2844 1350 2900 eat

364 2944 585 3010 universorum
608 2942 825 3032 principium,
852 2943 1086 3034 praeterquod
1109 2943 1196 3009 aliud
1218 2937 1350 3008 inveniri

362 3071 425 3114 non
447 3059 551 3138 petest
565 3049 588 3080 '³
603 3050 666 3134 (3).
1149 3058 1161 3067 ·

410 3154 458 3218 lie
491 3151 645 3218 relatione
680 3151 798 3220 Filium
834 3153 918 3218 inter
951 3164 983 3217 et
1007 3153 1156 3232 Patrem,
1184 3173 1225 3216 ex
1242 3159 1351 3215 ⁴mente

364 3273 494 3326 caum
516 3275 580 3322 non
604 3256 865 3347 pervestigandi,
888 3257 931 3326 cf.
954 3261 971 3345 5
993 3261 1046 3323 29.
1361 3341 1363 3348 Ι

411 3361 587 3428 Audiamus
608 3375 714 3427 autem
738 3374 771 3426 et
795 3363 948 3438 seriorum
966 3373 1144 3450 temporum
1160 3357 1351 3447 Theolagnt:

366 3464 481 3532 horum
516 3490 545 3535 r.
568 3489 598 3534 a.
630 3475 867 3533 ndnnnnnuuus
888 3465 989 3532 dicit:
1039 3461 1160 3531 »Noeh
1191 3461 1354 3552 begreifeu

307 3555 312 3568 ’
365 3571 423 3636 wir
451 3593 483 3636 es
500 3567 614 3649 nieht,
637 3571 698 3636 wie
722 3570 755 3634 in
778 3571 875 3636 Einer
899 3567 1134 3656 Gottheitdray
1151 3565 1354 3633 verschiedne

367 3677 566 3763 beysammen
591 3697 665 3762 seyn
680 3682 700 3709 ’⁹
718 3675 793 3762 (t);
824 3687 856 3739 et
878 3691 1119 3741 nunninuutus:
1154 3698 1175 3737 >r
1188 3672 1256 3762 Wij
1272 3690 1356 3735 moe·

370 3793 421 3846 ten
435 3827 538 3848 .....
574 3802 615 3870 op
642 3777 697 3845 het
722 3802 783 3869 oog
804 3777 953 3858 houden,
983 3777 1037 3858 dat
1057 3777 1097 3842 de
1119 3776 1185 3842 leer
1207 3799 1269 3842 ran
1297 3773 1355 3840 den

357 3893 383 3950 dr

369 3963 481 3982 ῌ

404 4055 447 4126 (Ι)
486 4052 553 4107 Vide
571 4056 588 4122 §
605 4053 650 4106 29.
1021 4050 1064 4122 (2)
1100 4049 1141 4104 ci.
1159 4050 1177 4120 1§
1195 4049 1240 4104 29.

406 4137 448 4210 (8)
488 4143 563 4192 Onna.
585 4143 669 4208 Capit.
681 4139 713 4188 11.
731 4152 819 4203 nanu,
838 4135 1176 4205 mutuaenutuae,
1195 4136 1213 4188 Ι.
1224 4135 1244 4188 Ι.
1256 4131 1355 4205 pm.

407 4225 450 4296 (i)
491 4219 878 4279 oar.tut.-tlaurr.1.tet.
