2938 5080
777 469 825 544 eo

311 709 455 800 cognitae
489 732 525 774 re
552 719 583 774 et
598 711 697 798 fecto
720 706 827 776 adesse
848 706 1039 796 incepissent
1063 703 1193 793 (easque
1217 701 1296 770 tales

310 815 506 904 agnovissent
528 810 687 902 homines)
699 862 709 894 ,
731 821 901 900 μυστήριον
925 813 1116 900 cognitum,
1133 809 1295 899 patefac-

310 928 377 983 tum
399 940 481 988 esse.

356 1023 484 1093 Prosus
506 1022 532 1089 si
555 1021 704 1102 auditur,
735 1019 837 1111 liquet
859 1019 976 1100 nobis,
999 1019 1102 1108 ipsam
1125 1027 1294 1106 μυστήριον

311 1148 434 1194 vocasse
457 1129 634 1194 consilium
656 1125 907 1222 sireffdeoretnm
930 1125 1099 1206 divinum,
1125 1117 1317 1213 quodante'

312 1229 436 1296 saecula
459 1230 668 1298 sisnandum
691 1230 857 1298 eonditum
882 1229 1004 1320 ceperit
1026 1229 1111 1296 Dens
1129 1250 1206 1317 pras
1221 1244 1296 1317 gra·

310 1337 392 1404 tuito
427 1357 483 1402 soo
519 1325 650 1417 aurore,
687 1336 728 1404 de
762 1335 885 1402 beando
908 1356 1023 1424 genere
1046 1332 1184 1400 hnmano
1207 1333 1295 1402 omni

309 1461 367 1529 per
398 1441 507 1507 Jesnm
542 1439 728 1510 christum:
765 1453 871 1532 partes
904 1461 979 1508 tero
1009 1437 1142 1530 hujusce
1170 1435 1294 1504 eonsilii

308 1544 405 1615 etiam
430 1559 584 1635 speetssse
607 1569 644 1612 ao
664 1545 1060 1632 ideovoeassepoossp'psa,
1086 1543 1294 1621 ludaeorum

308 1653 344 1716 in
368 1673 438 1716 rem
466 1653 702 1722 Christianum
725 1654 988 1729 contunsionem,
1022 1649 1172 1716 Gentiles
1190 1653 1293 1716 etiem

307 1778 378 1822 esse
398 1758 451 1820 rei
476 1758 698 1824 Christianae
712 1760 905 1846 participes
921 1781 963 1822 ac
976 1759 1103 1834 συσίυσ,
1128 1757 1291 1820 arctissi-

306 1883 395 1932 mum
439 1865 509 1926 oiri
533 1865 769 1950 foeminceqne
803 1862 1083 1948 conpunctionem,
1122 1859 1292 1924 hominum

308 1968 583 2052 resurrectionem
617 1969 687 2030 sive
712 1969 968 2036 immutationem
985 1968 1165 2052 suturam,
1186 1963 1294 2049 fidem

309 2069 392 2134 Jesn
426 2072 564 2138 Christo
586 2073 755 2152 habitam,
785 2074 1023 2162 perversitatis
1042 2073 1078 2134 in
1103 2093 1141 2133 re
1167 2068 1290 2166 θήσεσ-

307 2179 403 2246 tiano
434 2177 545 2244 obviae
566 2177 736 2263 judicium
756 2179 919 2266 saturum.
968 2172 1196 2260 Quaerentibus
1219 2194 1293 2237 nero

311 2277 426 2359 nohis,
459 2279 534 2368 qnid
549 2303 595 2348 er
620 2279 709 2348 Pauli
736 2282 890 2346 sententia
912 2279 973 2346 sint
993 2290 1167 2367 μυστήρια,
1190 2277 1289 2366 patuit

310 2406 345 2450 ea
367 2405 432 2450 esse
452 2386 567 2473 pertint
584 2390 779 2476 potesaota,
805 2385 921 2475 partim
940 2385 1289 2472 nondnm‘potefacto‚

307 2511 361 2554 seu
386 2493 636 2578 patefacienda.
682 2491 740 2558 Illa
763 2491 824 2581 ipsi
849 2503 922 2558 sunt
943 2514 998 2556 res
1023 2488 1220 2580 temporibus
1239 2509 1292 2552 ae·

308 2595 404 2662 ternis
427 2597 576 2674 cctotoe,
600 2581 791 2662 reconditae
810 2609 882 2662 ente
908 2593 1032 2662 saecula
1056 2594 1141 2683 apud
1166 2593 1291 2672 Deum,

307 2699 371 2764 inro
394 2711 466 2764 ante
488 2701 641 2766 mundum
665 2702 856 2786 conditum,
886 2715 917 2766 et
942 2701 1070 2790 quidem
1094 2699 1190 2778 ideo,
1215 2695 1290 2786 qnia

308 2803 447 2868 nondum
478 2819 569 2871 erant
602 2807 803 2896 patefactae,
833 2820 865 2872 et
897 2829 936 2872 eo
977 2825 1076 2894 usqne
1111 2826 1176 2893 qno
1199 2813 1291 2868 re‘et

308 2906 392 2972 iacto
421 2923 523 2976 essent
559 2911 756 3000 patefactae:
783 2915 963 3004 patefacta
993 2933 1066 2976 vero
1104 2921 1177 2975 sunt
1210 2904 1290 2972 haee

306 3025 479 3099 μυστήρια,
503 3027 536 3081 ut
560 3017 699 3106 primurn
722 3036 770 3084 res
796 3017 869 3084 illae
888 3017 985 3106 (quae
1007 3028 1098 3082 erant
1115 3027 1206 3081 antea
1219 3012 1288 3078 abs-

308 3118 468 3204 conditae)
500 3119 641 3186 adessent
668 3143 704 3186 re
735 3139 767 3187 et
798 3122 895 3192 iacto.
942 3121 1029 3187 liaeo
1056 3120 1117 3212 ipsi
1141 3131 1213 3185 snnt
1234 3140 1290 3182 res

307 3224 448 3288 nondum
474 3226 614 3312 sactae,
639 3227 749 3292 adhuc
772 3230 919 3315 suturae
954 3224 1099 3314 (minime
1129 3247 1203 3292 sero
1237 3221 1288 3286 in·

308 3325 486 3416 cognitae),
515 3350 659 3419 quaeque
680 3351 745 3395 esse
767 3329 914 3396 desinunt
935 3320 1089 3417 poorsjpice
1108 3329 1186 3416 (sive
1206 3327 1288 3392 finnt

305 3441 459 3516 μυστήρια
491 3433 687 3524 patefacta),
716 3435 881 3500 statimne
905 3458 953 3501 res
977 3435 1049 3502 illae
1073 3435 1200 3501 futurae
1226 3431 1287 3498 ad-

306 3557 370 3600 esse
395 3534 572 3626 inceperint
603 3560 637 3602 re
669 3552 700 3604 et
729 3539 813 3605 iacto
835 3540 915 3628 (sive
941 3539 1017 3605 tales
1030 3589 1040 3620 ,
1070 3537 1176 3629 quales
1199 3539 1263 3604 sint
1276 3586 1287 3620 ‚
1407 3553 1414 3570 ·

304 3639 535 3729 appertterint).

349 3744 518 3811 Jonranns
539 3744 706 3835 Apostolus
729 3746 754 3812 si
774 3746 970 3828 consulitur,
992 3746 1093 3837 liquet
1113 3745 1289 3833 hunnpoo·

193 3883 198 3890 ·
304 3859 411 3933 τήριυν
443 3871 568 3914 vocasse
581 3853 741 3938 ficturum
768 3854 821 3916 rei
845 3851 1062 3920 Christianae
1085 3855 1286 3938 victoriam,

306 3975 400 4044 qnam
432 3975 499 4019 rem
531 3953 590 4046 ipsi
623 3955 695 4024 ideo
730 3980 795 4023 esse
818 3967 988 4045 μυστήρισυ
1014 3955 1173 4040 vidimus,
1210 3956 1288 4048 qnia

305 4055 408 4124 adhuc
432 4057 529 4146 tates,
554 4061 585 4126 id
613 4073 679 4144 est,
702 4061 842 4128 nondum
865 4061 975 4150 adest,
997 4075 1030 4132 et
1057 4073 1132 4132 tunc
1157 4060 1287 4130 demum

306 4163 363 4252 ipsi
386 4167 673 4246 coeanensium,
690 4169 919 4257 potffoetnm,
943 4166 1069 4258 quando
1089 4187 1124 4234 re
1149 4178 1180 4234 et
1199 4165 1287 4234 facto
