2958 5096
714 491 894 565 'lat

362 725 563 796 sericordiam
598 726 756 818 suspicere
793 724 949 818 discamus
967 723 989 755 ”
1009 726 1069 816 (1).
1134 727 1340 797 Disertissime

362 844 468 899 autem
503 855 571 902 rem
605 831 755 923 exprimit
778 829 829 898 bis
853 834 978 902 verbis:
1027 831 1054 899 »⁴
1058 831 1153 900 Nulla
1167 833 1341 900 tentatione

361 936 411 1003 vel
443 936 566 1028 gravius
596 937 646 1004 vel
677 935 884 1027 periculosius
915 935 1021 1004 fidelos
1049 938 1195 1028 percellit
1223 937 1341 1020 Satan,

362 1064 457 1130 quarn
490 1042 566 1108 dum
598 1042 681 1132 ipsos
713 1064 786 1110 sune
811 1041 974 1110 electionis
1000 1038 1200 1110 dubitatione
1217 1041 1343 1131 inquie-

362 1159 453 1226 tans,
488 1146 582 1214 simul
614 1167 710 1237 prava
739 1148 807 1236 ejus
836 1160 923 1215 extra
953 1147 1036 1214 riam
1056 1147 1265 1236 inquirendae
1287 1170 1343 1214 cu·

362 1251 497 1342 piditate
519 1249 665 1317 solicitat.
712 1251 807 1318 Extra
827 1252 908 1318 riam
930 1251 1092 1340 inquirere
1111 1275 1212 1337 voco,
1233 1252 1291 1318 ubi
1310 1253 1342 1318 in

362 1356 486 1423 abditos
520 1355 644 1421 divinae
677 1355 852 1446 supientiae
886 1379 1022 1422 recessus
1049 1379 1255 1446 perrumpere
1284 1355 1344 1424 ho·

362 1459 492 1526 mancio
521 1472 677 1540 conatur,
710 1473 764 1544 et,
798 1483 863 1549 qno
895 1461 1050 1552 intelliget
1081 1461 1158 1550 quid
1187 1461 1227 1528 de
1250 1485 1282 1527 se
1304 1462 1343 1529 sit

362 1565 569 1632 constitutum
600 1563 684 1655 apud
707 1565 767 1631 Ilei
790 1565 950 1649 tribunal,
966 1566 1017 1632 'ad
1043 1589 1221 1656 supremam
1244 1589 1344 1656 nsque

361 1671 580 1739 aeternitatem
603 1683 783 1761 penetrare.
832 1673 921 1738 Tunc
943 1672 1027 1738 enim
1049 1693 1081 1736 se
1104 1670 1344 1760 inprcfundum

363 1776 533 1844 immensae
563 1775 720 1866 vereginis
752 1775 983 1843 absorbendum
1016 1776 1226 1866 praecipitat:
1265 1788 1344 1842 tunc

360 1881 533 1948 innumeris
571 1893 667 1969 atque
699 1879 973 1971 inexplicabilibus
1008 1880 1128 1969 laqueis
1161 1901 1192 1946 se
1215 1879 1342 1948 induit:

361 1999 439 2053 tnnc
463 1985 740 2075 caecaecnliginis
765 1985 876 2073 abysso
899 2008 931 2052 se
952 1985 1208 2073 adobruit'’(2).

408 2092 594 2160 Concilium
624 2092 721 2158 etiam
756 2091 952 2160 consulamus
985 2093 1017 2158 Τ
1014 2093 1227 2160 ridmrinom.
1276 2091 1346 2158 Hoc

361 2197 403 2264 de
426 2219 461 2263 re
483 2195 604 2266 habet:
653 2196 787 2264 »Nemo
808 2218 956 2284 quoque,
977 2194 1346 2285 quamdiuiuhacrnor-

362 2302 484 2370 talitete
516 2301 656 2384 vivitur,
687 2302 727 2368 de
754 2324 869 2368 arcano
899 2301 1025 2368 divinae
1049 2301 1348 2392 praedestinationis

361 2408 511 2497 mysterio
533 2406 731 2495 usqueadeo
754 2429 954 2498 praesumere
973 2407 1089 2490 debet,
1114 2419 1150 2472 nt
1172 2419 1261 2473 certo
1283 2419 1348 2473 sta·

361 2527 431 2580 tuat
450 2537 483 2580 se
504 2513 633 2578 omuino
653 2535 719 2579 esse
739 2513 773 2579 in
791 2535 922 2596 numero
933 2511 1237 2602 praedestinatorum
1250 2540 1259 2580 ε
1274 2559 1284 2580 .
1297 2558 1347 2581 ...

359 2641 433 2684 nem
466 2617 527 2682 nisi
555 2641 594 2684 ex
627 2616 755 2708 speciali
789 2617 1004 2700 revelatione,
1036 2617 1108 2684 sciri
1131 2639 1194 2684 non
1217 2629 1346 2707 potest,

359 2745 438 2812 quos
457 2725 541 2788 Deus
563 2722 623 2788 sibi
648 2721 779 2812 elegerit
794 2725 876 2812 ''(3)
951 2796 954 2806 ,

405 2830 634 2913 Quaestionum
657 2828 879 2896 intricatarnm
897 2828 994 2896 etiam
1011 2827 1157 2895 meminit
1179 2827 1347 2894 Formido

360 2933 587 3016 Concordiae,
619 2956 700 3023 quae
731 2946 836 3001 autem
859 2956 921 2998 non
943 2933 1121 3000 doctrinam
1144 2931 1348 3004 Ecclesiasti-

359 3061 429 3104 cam
458 3032 620 3128 vulgarem
650 3037 817 3120 continet;
850 3061 923 3104 nam
957 3035 1144 3103 electionem
1171 3037 1348 3126 omnium,

361 3143 568 3210 universalem
581 3192 592 3224 ,
627 3166 709 3232 qnae
736 3143 772 3209 fir
799 3164 857 3233 per
871 3145 989 3210 'Jesum
1014 3140 1200 3224 Christum,
1234 3165 1349 3211 omnes

362 3249 402 3315 ad
435 3248 683 3338 resipiscentiam
716 3260 748 3313 et
775 3248 874 3314 ritem
907 3260 1069 3313 aeternnm
1088 3259 1255 3314 vocantem
1270 3249 1347 3335 (4),

361 3375 399 3419 ac
429 3351 660 3443 reprobationis
686 3375 809 3418 cansam
831 3352 921 3418 sitam
942 3374 1007 3418 esse
1033 3351 1066 3416 in
1086 3349 1274 3418 hominibus
1298 3354 1350 3444 ip·

363 3459 424 3540 sis,
446 3457 580 3525 salntem
601 3455 740 3523 oblatam
752 3455 969 3546 rejicientibus
983 3455 1032 3548 (5)
1044 3507 1054 3539 ,
1079 3458 1202 3526 statuit.
1226 3459 1351 3544 Quaes-

396 3753 435 3824 (1)
469 3750 510 3807 lb.
531 3752 574 3806 12.
592 3751 637 3806 cll.
657 3752 699 3806 1³.
916 3747 958 3822 (2)
997 3751 1027 3804 Is.
1046 3749 1066 3803 l·
1084 3749 1174 3806 XXIV.
1191 3750 1219 3804 b.

397 3850 440 3923 (3)
476 3851 543 3904 Sese.
561 3851 604 3906 vt.
621 3851 683 3921 Cap.
701 3849 758 3902 ΧΗ.
777 3847 815 3902 ol.
834 3849 896 3902 Gan.
913 3849 975 3916 XV,
992 3849 1058 3902 XVI.

392 3949 432 4020 (b)
472 3951 731 4022 Goaoorda'erpformel,
754 3949 813 4002 Art.
837 3950 879 4004 ll.
904 3949 948 4001 lv.
970 3947 1267 4002 v1.vtt.1x.x.ctt.
1287 3949 1349 4003 xn.

357 4042 385 4090 et
403 4035 505 4092 Antei.
524 4040 558 4090 11.
577 4038 624 4089 111.
640 4051 664 4087 e.
682 4035 701 4090 l.
719 4037 754 4089 11.
771 4032 926 4098 tet-tat,
938 4105 940 4112 X
954 4034 1028 4102 tta,
1044 4041 1072 4088 et
1091 4033 1201 4088 rtrum.
1219 4051 1253 4102 p.
1274 4033 1351 4098 687,

358 4119 410 4177 688

396 4221 435 4292 (s)
469 4222 497 4275 n.
515 4218 536 4275 t.
554 4217 598 4272 xt.
618 4235 647 4289 p.
664 4218 733 4287 esc,
750 4215 811 4272 ser.
831 4217 876 4272 011.
896 4216 1003 4273 erem.
1022 4236 1049 4292 p.
1069 4217 1140 4285 aso,
1157 4215 1210 4272 coe
1227 4233 1297 4291 sqq.
