2958 5096
666 527 714 600 99

201 777 338 846 quarum
365 758 542 829 exsistentia
564 757 695 848 quidem
719 783 783 830 non
802 761 863 828 nisi
881 783 938 850 per
957 760 1181 835 revelationem

201 861 340 928 divinam
375 864 518 952 cognosci
540 864 659 954 possit,
693 877 739 932 ast
770 889 906 956 quarum
927 867 1061 948 mcdu's,
1097 879 1183 958 pust·

197 989 296 1058 qnam
319 967 473 1036 revelatae
496 981 592 1050 sunt,
621 969 738 1039 rationi
760 971 931 1060 impervius
956 994 1017 1039 non
1040 972 1181 1054 sit....t

199 1073 250 1139 rel
268 1087 340 1138 suut
364 1073 461 1153 tales,
489 1097 621 1164 quarum
643 1098 708 1142 non
733 1088 856 1144 tantum
877 1075 1054 1143 exsistentia
1076 1100 1094 1142 e
1120 1075 1185 1145 sols

198 1177 390 1246 revelatione
412 1178 517 1244 divino
541 1181 687 1269 cognosci
714 1181 833 1270 possit,
868 1194 900 1248 at
928 1203 1062 1268 quarunt
1089 1181 1185 1246 etiam

196 1293 325 1351 natura
356 1288 519 1368 interior,
556 1297 722 1375 postquam
749 1284 903 1376 revelatae
929 1299 1001 1353 sunt
1014 1299 1025 1366 ‚¹
1061 1285 1184 1352 ratione
1230 1349 1236 1360 ,

199 1387 334 1478 intelligi
356 1403 513 1480 nequeat,
539 1415 622 1480 quoe
639 1413 732 1460 sensu
755 1391 896 1458 omnium
908 1391 1195 1481 maximeproprio.

197 1498 363 1580 mysterio
392 1507 566 1576 vocentur,
597 1519 627 1566 e.
664 1519 693 1568 c.
729 1495 873 1566 doctrina
902 1497 943 1562 de
975 1498 1042 1562 Deo
1066 1499 1186 1574 Patre,

87 1660 89 1668 ,
199 1597 303 1681 Filio,
326 1622 363 1665 ac
386 1599 509 1689 Spiritu
531 1600 587 1686 S.‚
611 1601 651 1668 de
675 1601 863 1670 liberatione
882 1597 1047 1668 hominum
1060 1601 1188 1691 perle-

199 1723 271 1774 snm
301 1701 487 1785 Christum,
517 1705 557 1774 do
579 1706 688 1778 lutura
709 1727 878 1796 corporum
900 1703 1111 1788 humanorum
1136 1727 1187 1770 re·

200 1807 442 1876 suscitatione.”
457 1854 559 1878 .....

249 1914 366 1980 »llaec
388 1917 573 2001 mysten'a,
597 1913 693 1994 licet,
714 1914 838 1980 ratione
859 1912 968 1981 habita
989 1915 1187 1982 exsistentiae

200 2039 298 2095 suae,
321 2022 506 2109 perspicua
541 2020 624 2099 sint;
658 2031 803 2107 respectu
828 2031 932 2084 tamen
958 2032 1089 2086 naturae
1112 2042 1188 2086 snae

201 2121 363 2188 interioris
379 2145 442 2187 non
465 2124 594 2213 quidem
617 2123 735 2188 rationi
756 2121 913 2188 humanae
926 2125 1083 2192 contraria
1100 2124 1188 2212 (con-

198 2228 445 2314 tradictoria),
472 2241 505 2294 nt
529 2251 601 2296 reto
629 2224 745 2308 nobis,
766 2227 878 2294 saltem
899 2228 931 2294 in
955 2229 1018 2294 sita
1041 2227 1101 2296 hac
1123 2242 1189 2294 ter·

204 2353 302 2413 tetta,
330 2332 456 2421 penitus
483 2318 837 2418 incomprehensibilia
861 2344 956 2412 sunt,
981 2356 1063 2422 quse
1089 2333 1187 2422 igitur

203 2457 269 2502 uon
291 2434 470 2524 petulanter
496 2436 664 2517 rimanda,
684 2437 748 2502 ,sed
772 2437 856 2518 fide,
880 2437 1021 2506 modeste
1044 2461 1076 2504 se
1100 2461 1190 2505 rere-

204 2539 316 2624 lationi
346 2540 471 2606 divinae
494 2541 726 2621 submittente,
760 2539 978 2632 amplectenda
1005 2544 1139 2629 sunt'’(
1164 2546 1190 2630 l.

197 2639 202 2648 ’
249 2644 355 2712 Placet
385 2643 490 2714 adhue
525 2669 686 2736 apponere
710 2664 854 2717 tutunus
876 2645 917 2710 de
938 2648 1097 2733 mysteriis
1116 2669 1189 2714 sen-

201 2749 305 2820 tiendi
332 2750 511 2830 rationem,
536 2749 668 2820 eandem
695 2773 790 2840 quarn
816 2751 848 2816 in
871 2749 1010 2816 Ecclesia
1033 2751 1189 2840 rigentem

203 2855 361 2934 uidimus,
377 2855 433 2922 'sed
454 2853 568 2932 nonde
581 2853 691 2921 iisdem
704 2855 798 2926 rebus
814 2854 1002 2924 adhibitam.
1029 2882 1050 2920 >s
1061 2857 1139 2924 Was
1151 2857 1187 2938 ‚”

201 2960 330 3050 inquit,
354 2959 451 3026 »sind
471 2959 554 3026 deun
568 2981 634 3029 uun
651 2959 705 3026 die
719 2963 882 3046 mysteria
897 2960 1031 3026 Gottes?
1077 2959 1190 3036 Nichts
1245 2947 1253 2962 ⁸

202 3065 346 3144 indens,
378 3065 463 3136 dcun
488 3063 632 3136 christos
656 3063 777 3143 selbst,
807 3063 865 3130 das
886 3064 949 3144 ist,
986 3063 1043 3134 des
1067 3065 1191 3134 Glaube

191 3171 267 3238 ,nod
304 3168 508 3259 Evangelium
537 3191 597 3237 ron
623 3166 773 3236 Gltristo:
812 3167 896 3234 denn
921 3167 1030 3250 illes,
1060 3193 1123 3244 was
1146 3170 1191 3245 ins

200 3273 370 3362 Evangelio
403 3273 587 3363 geprediget
611 3271 692 3337 wind
707 3323 717 3354 ‚
752 3270 806 3337 das
831 3272 870 3340 ist
895 3295 957 3338 ron
979 3273 1100 3344 Sinnen
1126 3275 1191 3341 und
1222 3351 1226 3358 ,

202 3379 361 3444 Vernnuft
395 3379 483 3444 ferne
518 3391 653 3468 gesetnet
683 3377 747 3444 uud
778 3377 856 3444 aller
878 3377 969 3444 Welt
991 3380 1188 3468 verborgen3

198 3507 275 3574 mag
295 3481 376 3550 auch
394 3480 484 3548 nicht
507 3481 647 3573 erlanget
671 3483 826 3564 werden,
862 3483 946 3548 denn
968 3482 1062 3548 allein
1087 3481 1191 3549 durch

199 3589 264 3654 den
299 3587 464 3668 Glauben3
477 3634 602 3658 ......
633 3573 708 3656 [ind
731 3587 786 3652 dns
820 3585 887 3653 ichs
912 3587 981 3652 onis
1010 3586 1192 3656 klirlichste
1254 3605 1257 3608 '

199 3717 294 3787 sege,
334 3695 532 3788 mysterium
559 3692 621 3774 ist,
661 3715 753 3759 srenn
787 3692 830 3757 du
854 3689 961 3759 hdrest
986 3692 1039 3768 die
1061 3693 1190 3792 Dioge,

203 3877 313 3896 μ

234 3975 273 4044 (ll
311 3975 338 4028 ls.
352 3973 371 4026 l.
389 3971 411 4026 1.
430 3990 448 4042 p
471 3972 520 4036 72,
539 3973 583 4024 ta.
623 3971 704 4024 Panlo
725 3970 836 4024 ulterius
853 3987 884 4026 ea
901 3979 992 4024 vocat:
1015 3969 1191 4040 »intelligen-

199 4062 267 4116 tiam
294 4066 409 4114 nostram
434 4057 616 4126 superestis.”
658 4057 779 4110 Aliorum
807 4055 923 4126 mysterii
950 4053 1139 4128 descriptiones
1162 4073 1189 4110 v.

201 4141 277 4212 apud
293 4157 499 4208 ssnrscnntustta,
522 4141 632 4200 Vaassen
650 4147 720 4193 siser
736 4151 865 4210 systsmot.
884 4140 1012 4193 Erdwielt.
1032 4144 1096 4192 nttsr
1106 4145 1135 4192 irs
1148 4143 1191 4196 der

204 4229 335 4298 anrssotils
352 4230 553 4280 oorkossmessdoss
571 4226 697 4295 Baqsiffe,
727 4231 743 4295 §
763 4227 797 4278 29
815 4223 859 4278 ed.
880 4224 974 4276 tertiae
992 4243 1019 4293 p.
1041 4221 1187 4280 ttt-ltt.

901 4310 949 4374 7*

694 4475 701 4506 l
