2958 5096
744 465 1001 607 '122¹‘

327 729 453 808 lienum,
480 727 513 794 in
533 730 622 816 cujus
644 728 815 796 substantie
838 741 900 796 tres
921 731 985 800 sint
1009 750 1177 820 personae,
1205 729 1322 812 Peter,

326 833 425 900 riuus
448 846 480 902 et
502 832 640 922 Spiritus
662 832 694 903 S.
708 841 741 913 ,''
766 855 847 922 ques
871 833 1008 915 deiude,
1035 855 1093 924 per
1106 836 1191 903 reric
1205 832 1322 906 llecle-

327 940 391 1007 riue
415 938 557 1017 saecule,
585 937 695 1006 eedem
718 939 786 1006 lere
811 939 941 1006 mansit.
1039 1001 1043 1012 ,

372 1045 447 1113 Jum
481 1066 554 1112 rero
589 1044 784 1132 inquiramus
813 1045 847 1110 in
881 1043 1038 1133 originem
1071 1043 1322 1134 appellationis,

330 1171 393 1238 que
426 1149 563 1228 Trinitas
593 1163 639 1217 est
667 1147 752 1217 dicte
781 1173 838 1222 res
858 1172 921 1214 nors
943 1151 1179 1240 intelligendu.
1228 1151 1322 1219 Hune

328 1255 362 1320 in
392 1277 460 1327 reru
484 1253 660 1322 doctrinam
686 1254 726 1325 de
751 1253 810 1321 hcc
831 1254 1089 1326 ecclesiasticam
1110 1254 1319 1345 indagantes,

328 1359 424 1426 sicile
443 1358 483 1426 de
504 1359 612 1428 multis
635 1361 668 1430 iu
692 1357 752 1426 hec
776 1359 918 1428 obscuris
937 1358 1077 1450 persuasi
1089 1359 1192 1430 limus.
1225 1359 1322 1447 Sym-

330 1464 439 1534 bolum
466 1487 496 1534 v.
517 1487 546 1531 c.
572 1465 748 1533 Nicsenum
769 1465 905 1546 statuit,
938 1466 1049 1535 desum
1080 1461 1241 1530 Christum
1263 1465 1321 1532 nt-

330 1570 410 1640 lium
439 1592 505 1638 esse
526 1569 605 1652 Ilei,
637 1593 674 1636 en
697 1571 797 1638 Petris
828 1570 1026 1647 substantia.
1065 1569 1168 1640 Deum
1189 1591 1225 1634 en
1251 1570 1320 1640 Dec

328 1687 534 1766 generatum,
563 1682 726 1764 όμοούσιον
746 1699 811 1744 esse
835 1699 907 1748 cum
929 1677 1034 1760 Putre.
1088 1674 1269 1744 Obscurum
1287 1687 1322 1742 et

328 1779 549 1870 inexplicabile
577 1781 721 1856 ridemus
755 1778 815 1848 hec
844 1781 878 1850 in
900 1803 957 1862 re,
998 1781 1109 1850 lesum
1133 1777 1320 1860 christun.

328 1883 427 1954 Filius
460 1908 534 1954 cum
555 1887 617 1965 sit,
648 1887 740 1976 isque
761 1899 948 1977 generatus,
982 1886 1079 1954 etism
1106 1907 1171 1956 esse
1196 1885 1320 1964 Densum

329 1991 386 2080 qui
417 1990 479 2058 luit
504 2013 648 2081 semper,
681 2013 740 2058 nec
764 1990 829 2058 diei
857 1993 960 2080 potest
979 1989 1123 2078 coepisse
1144 1989 1318 2062 exsistere:

330 2093 457 2184 ipsum,
491 2118 565 2162 cum
598 2097 638 2162 sit
667 2095 767 2164 Filius
798 2094 887 2178 Dei,
915 2117 1015 2184 neque
1038 2117 1077 2163 nc
1100 2096 1227 2164 Patrem
1252 2117 1319 2162 esse

329 2200 452 2279 Deum,
475 2223 538 2270 nou
551 2199 705 2268 minorem
720 2203 811 2269 Putre
827 2199 933 2288 quoad
945 2197 1087 2267 indolem
1100 2212 1132 2270 et
1148 2213 1320 2280 naturum

330 2301 467 2394 numque
495 2305 630 2372 difficile
655 2305 863 2394 conjungitur
887 2303 1065 2394 proprietas
1089 2305 1318 2394 independen-

330 2412 402 2489 te'a,
438 2432 521 2498 quae
554 2411 607 2491 ei,
642 2434 716 2478 rere
749 2411 805 2501 qui
829 2411 914 2479 Deus
939 2409 999 2489 sit,
1037 2407 1254 2488 sdscribitur,
1285 2421 1323 2479 et

330 2513 567 2604 dependentia,
601 2517 656 2606 qui
677 2517 759 2602 filio
790 2515 993 2604 cuicunquc,
1026 2511 1194 2582 hominum
1224 2535 1323 2584 sensu

329 2641 366 2686 eo
389 2619 560 2708 opinione,
583 2621 795 2700 adscribitur,
820 2644 838 2689 a
862 2621 966 2686 Patre.
1016 2618 1086 2688 lloc
1111 2631 1143 2686 et
1167 2617 1248 2692 velet
1275 2617 1320 2687 do

329 2721 454 2813 Spiritu
473 2723 533 2804 S,
558 2724 635 2813 qui,
667 2747 801 2814 perseus
824 2724 945 2814 quippe
970 2722 1096 2806 dirius,
1130 2746 1238 2791 resero
1263 2722 1321 2790 in·

329 2828 510 2918 dependens
533 2841 595 2909 est,
618 2842 652 2895 et
676 2841 779 2897 tumen
804 2852 841 2897 ex
864 2828 1021 2897 sententie
1047 2815 1319 2917 Constantinopo-

329 2931 466 3000 litenie
490 2935 558 3002 Deo
581 2935 738 3024 procedit.
786 2935 932 3022 Uterque
957 2933 1074 3022 igitur,
1111 2956 1148 3000 ex
1170 2931 1324 3003 doctriua

331 3038 573 3120 Ecclesiastico,
596 3053 628 3106 et
647 3041 863 3130 independens
886 3052 917 3105 et
938 3037 1030 3106 simul
1055 3036 1235 3127 dependens
1258 3035 1327 3104 hs„

332 3144 453 3213 bendm
469 3157 515 3210 est
527 3167 544 3208 n
557 3147 671 3227 Patre,
695 3144 749 3212 hic
761 3169 834 3214 vero
845 3144 939 3235 plene
953 3143 1182 3233 independens.
1208 3143 1327 3231 Neque

333 3271 429 3339 porro
452 3249 524 3314 setis
547 3249 668 3318 clerum
691 3263 737 3316 est
758 3247 874 3316 hurum
897 3271 1104 3338 personarum
1128 3271 1237 3316 seruus
1254 3247 1326 3314 dis·

333 3353 465 3422 crimen.
511 3354 592 3422 Nem
617 3378 724 3422 omnes
746 3368 818 3422 sunt
841 3377 991 3444 personae
1008 3353 1154 3424 divinae:
1181 3353 1326 3444 Spiritus

333 3442 366 3526 S.
392 3470 496 3526 sutem
519 3459 722 3548 progreditur
739 3483 775 3526 ex
789 3462 902 3540 Putre,
925 3461 1018 3528 Jesus
1035 3457 1179 3529 Christus
1193 3475 1327 3526 vocetur

332 3563 394 3630 Dei
414 3562 529 3632 Filius:
556 3564 715 3654 quodnam
740 3589 814 3655 ergo
832 3567 872 3630 sit
890 3569 1011 3652 justum
1034 3562 1147 3632 hurum
1167 3585 1327 3653 persons-

332 3691 404 3734 rum
435 3667 626 3751 discrimen,
659 3671 783 3760 quaerit
819 3671 900 3736 ratio
932 3669 1092 3750 humens,
1131 3691 1196 3734 nou
1231 3665 1328 3732 solrit

334 3773 478 3838 doctrine
505 3773 743 3857 Ecclesiastico,
777 3797 924 3865 personas
952 3774 1097 3840 universe
1117 3771 1236 3839 hebens
1263 3795 1326 3838 ce·

332 4059 393 4094 unm
419 4043 650 4116 qualemcunque,
679 4047 797 4100 conciliis
815 4057 861 4100 aut
881 4049 932 4100 elil
952 4045 1069 4119 quadam
1089 4045 1270 4111 auctoritate,
1296 4047 1330 4106 ¹in

332 4127 443 4183 Ecclesia
461 4137 508 4182 nort
527 4129 656 4190 Ecclesiae
680 4130 822 4202 cujusdem
840 4131 1043 4203 persequeris,
1062 4131 1252 4196 constitutum,
1272 4128 1332 4182 bu-

327 4215 423 4284 jusque
442 4215 518 4268 sociis
538 4217 576 4268 vel
593 4216 790 4272 confessionem
810 4219 849 4272 uel
868 4214 929 4272 tusi
951 4232 1073 4274 normam
1092 4216 1311 4276 wnrtitruntem.
