2958 5096
501 1139 731 1270 'rans
773 1181 1110 1292 onnnrn.

198 1437 205 1454 ·
328 1441 605 1526 rnommrun,
633 1443 841 1530 Quonam
864 1441 962 1510 noct
988 1441 1035 1507 ut
1060 1439 1116 1505 nn
1137 1435 1310 1504 noant-

294 1563 300 1576 ’
612 1592 711 1661 atos
736 1592 802 1660 sn
827 1589 1027 1658 nunrtnn.

490 1919 1162 1977 &effi——

774 2241 792 2322 ς
817 2239 870 2302 ισ.

337 2375 461 2504 anae
493 2414 645 2482 hacteuus
677 2414 926 2504 disputavimus,
962 2438 1000 2480 eo
1032 2415 1176 2494 rediere,
1206 2416 1318 2482 Jesum

337 2523 469 2610 ejusque
509 2520 675 2612 Apostolos
706 2532 859 2605 μυστήρια
890 2522 925 2584 iu
955 2519 1107 2608 reiigione
1141 2518 1320 2588 Christiana

337 2624 458 2692 habere
478 2639 551 2690 'res
583 2627 807 2716 patefactas,
853 2638 908 2690 aut
949 2625 1208 2715 patefaciendas:
1255 2626 1321 2691 Ee-

339 2729 466 2796 elesiam
492 2753 566 2797 vero
591 2741 745 2817 μυστήρια
766 2731 800 2794 iu
823 2728 976 2818 religione
1003 2728 1181 2796 Christiana
1201 2729 1322 2795 habere

336 2836 453 2925 partim
490 2859 546 2900 res
575 2836 841 2915 abscondendus,
879 2835 996 2925 partim
1030 2859 1086 2900 res
1106 2859 1169 2900 non
1187 2837 1323 2900 intelli-

335 2942 492 3033 gendas,·
514 2941 684 3007 discrimen
705 2939 784 3020 hoe,
809 2941 919 3006 desum
944 2940 1174 3032 Apostolosque
1190 2940 1276 3004 inter
1292 2951 1324 3003 et

339 3045 396 3112 hos
418 3046 616 3112 subsecutam
637 3045 811 3112 Ecclesiam
829 3046 998 3126 obtinens,
1031 3070 1096 3113 esse
1115 3045 1345 3133 repetendum·

214 3215 221 3230 ,
340 3151 381 3216 ab
396 3149 561 3214 homiuum
592 3151 720 3240 iugenio
742 3163 867 3216 amante
888 3152 921 3215 in
945 3149 1121 3242 religione,
1143 3151 1191 3216 uti
1205 3147 1325 3217 Gentili

340 3255 385 3320 sio
409 3252 586 3320 Christiani
610 3278 658 3321 res
681 3253 934 3335 abscondendus,
962 3269 995 3321 et
1006 3279 1069 3320 non
1084 3253 1326 3344 intelligendas,

223 3441 231 3452 ,
341 3382 379 3426 ae
391 3359 416 3425 si
436 3357 513 3424 tales
531 3359 595 3424 siut
614 3359 712 3448 magis
734 3359 879 3428 Divinae.
908 3361 995 3427 Haec
1019 3383 1090 3426 oum
1112 3371 1326 3449 pertractate·

342 3465 463 3544 rimus,
500 3463 593 3529 simul
625 3464 846 3553 inquisivimus
866 3465 899 3530 iu
921 3489 970 3531 res
993 3465 1128 3556 singulas
1141 3516 1151 3546 ,
1182 3487 1265 3554 quae
1287 3464 1327 3529 ab

342 3567 392 3634 his
416 3567 542 3658 illisque
565 3580 717 3655 μυστήρια
745 3581 817 3634 suut
842 3555 949 3638 dicta.v

391 3672 539 3756 Quartam
561 3674 700 3763 denique
723 3686 846 3762 partem
867 3673 1016 3740 addicere
1034 3673 1257 3763 proposuimus
1279 3671 1329 3736 in·

346 3775 508 3866 quisitioui
522 3827 531 3857 ,
567 3777 728 3865 quodnau'r
764 3777 825 3842 loci
855 3779 995 3869 pretium
1020 3779 1060 3844 sit
1085 3780 1119 3844 in
1141 3801 1176 3843 re
1198 3777 1327 3866 dogma·

347 3881 422 3948 tioa.
481 3882 569 3946 Hane
612 3882 865 3969 disquisitionem
903 3885 1077 3948 necessario
1111 3882 1252 3970 requiri,
1288 3903 1329 3946 ne

345 3983 438 4076 plane
472 3985 521 4051 vel
559 3987 693 4051 maxime
725 3986 834 4053 saltem
870 3988 1065 4054 infructuosa
1091 3989 1153 4053 siut
1175 3988 1329 4052 hacteuus

346 4089 532 4177 disquisita,
566 4089 660 4158 facile
696 4091 819 4179 liquere
850 4093 941 4159 nobis
974 4093 1119 4174 videtur;
1156 4114 1260 4182 neque
1287 4091 1328 4158 ab
