2958 5096
619 501 691 574 125

161 737 252 805 brari
275 749 345 826 post
368 734 546 804 Concilium
566 736 678 827 elapsis
691 735 824 802 affirmat
840 736 1017 825 tratum:
1043 735 1146 804 »ldan

166 841 376 932 hehauptete,
399 843 452 908 das
471 841 531 908 alle
547 842 616 909 drei
630 849 717 928 otton
730 843 806 908 Gott
818 843 926 923 scien,
950 841 1014 907 und
1028 843 1147 930 bereg,

164 971 219 1013 nm
253 949 316 1014 den
349 945 491 1015 Schleier
525 948 580 1012 dea
615 943 845 1015 Geheimnisses
867 945 956 1012 nicht
979 946 1090 1011 weiter
1110 965 1148 1008 nn

163 1051 291 1132 liilten,
323 1053 384 1118 wie
415 1050 511 1118 schoa
537 1052 588 1117 bei
612 1051 674 1116 den
696 1050 952 1140 Bestimmungen
981 1050 1062 1114 iiber
1086 1049 1148 1114 den

160 1159 262 1248 Logos
282 1155 457 1246 geschehen
485 1179 572 1236 war,
598 1155 682 1222 dlies
706 1179 768 1220 was
796 1156 849 1220 das
872 1152 1065 1221 Verhiiltaiss
1090 1153 1147 1218 der

161 1263 230 1329 drei
267 1265 422 1328 Personcn
456 1285 554 1351 gagen
578 1259 729 1327 einander
761 1259 906 1340 betrittt,
939 1259 996 1324 ani
1016 1257 1070 1324 dio
1093 1257 1147 1322 tor

159 1365 330 1435 Menschen
352 1356 442 1432 nicht
466 1366 576 1432 weiter
600 1363 783 1430 crilirbare
806 1387 906 1451 opera
919 1365 986 1430 net
996 1363 1148 1430 adintra

161 1470 237 1537 oder
264 1471 322 1552 die¹
339 1481 434 1536 actas
458 1472 633 1536 naturales
656 1471 821 1534 essentiae
837 1470 1013 1537 divinae.”

205 1576 276 1642 Hoc
305 1577 444 1642 ratione·
455 1577 526 1662 jam
558 1574 715 1664 Antiqui:
757 1587 789 1640 at
809 1595 884 1639 vero
905 1586 937 1638 et
956 1573 1149 1638 recentiores

163 1676 316 1768 Theologi
346 1678 429 1746 hanc
460 1680 673 1759 Trinitatem,
701 1693 755 1744 aut
786 1679 929 1744 universe
953 1691 1147 1768 spectatam,

160 1797 214 1848 ant
236 1784 334 1874 ipsius
355 1797 478 1875 partem
503 1785 664 1876 aliquam,
685 1784 833 1850 dixerunt
856 1807 918 1848 non
942 1783 1065 1848 ratione
1087 1781 1150 1848 hu-

159 1909 250 1952 mana
284 1889 526 1957 discutiendam.
584 1891 632 1956 Ita
678 1909 710 1957 v,
745 1911 773 1956 c.
804 1909 1017 1956 turritanus
1049 1889 1147 1954 trium

159 2015 364 2082 personarum
395 1993 631 2060 distinctionem
668 2015 734 2058 rom
759 1991 856 2060 habet
880 2016 943 2058 non
965 1993 1147 2083 intelligen-

159 2097 231 2164 dam
244 2093 258 2180 ,¹
275 2121 348 2164 narn
369 2098 467 2166 dicit:
494 2125 515 2164 »
529 2097 609 2165 Cum
634 2098 673 2163 de
695 2096 744 2163 his
769 2098 923 2164 confutati
946 2098 1088 2178 luerint,
1108 2099 1148 2164 de

157 2203 274 2292 quibus
299 2203 471 2292 praecipue
492 2201 688 2292 impossibile
711 2203 756 2268 eis
779 2203 924 2282 ridetur,
958 2203 998 2268 de
1016 2203 1148 2270 diversi·

158 2320 225 2374 tate
250 2329 455 2396 personarum
480 2309 513 2374 in
534 2331 597 2374 una
619 2321 651 2374 et
675 2308 839 2373 individua
860 2309 986 2398 penitus
1007 2330 1045 2374 ao
1067 2308 1147 2374 sim-

162 2409 242 2501 plici
275 2411 381 2488 diviua
403 2413 598 2492 substantia,
628 2426 660 2478 et
684 2413 723 2479 de
746 2413 948 2502 generatione
970 2403 1148 2479 Verbiseu

157 2518 359 2610 processione
391 2516 541 2606 Spiritus.
600 2518 648 2583 De
685 2540 749 2608 qno
781 2517 911 2608 quidem
944 2541 999 2582 nos
1031 2517 1147 2584 docere

158 2621 325 2688 veritatem
348 2643 411 2686 non
437 2623 673 2711 promittimus,
697 2622 736 2688 ad
760 2645 855 2712 quarn
884 2645 988 2712 neque
1011 2645 1066 2688 nos
1090 2645 1147 2690 ne·

158 2749 222 2816 qne
253 2725 435 2792 mortalium
465 2727 604 2816 aliquem
635 2729 780 2794 sufficere
805 2728 982 2796 credimus=
1012 2727 1064 2792 sed
1087 2728 1148 2794 sal·

158 2845 224 2898 tem
246 2831 368 2922 aliquid
389 2832 558 2898 verisimile
584 2847 681 2922 atque
703 2831 860 2898 humanae
880 2833 1146 2899 rationivioinum

158 2958 217 3002 neo
239 2957 346 3001 sacrae
363 2936 440 3002 fidei
464 2937 660 3002 eontrarium
681 2959 862 3026 proponere
883 2935 964 3002 libet
977 2937 1027 3024 ’'(
1052 2940 1078 3024 ).
1161 2943 1169 2958 ⁹

205 3041 406 3108 Lonssatuws
446 3064 520 3107 vero
562 3043 660 3132 magis
697 3042 875 3107 considerat
911 3042 1146 3130 generationem

158 3144 274 3214 ltitiia
299 3148 391 3212 Patre
401 3145 450 3235 (3)
484 3170 551 3214 rem
585 3171 648 3213 non
685 3146 942 3236 intelligendam:
991 3147 1145 3232 »Quaero

156 3252 236 3316 item
261 3251 315 3316 abs
340 3265 389 3332 te,
418 3253 544 3342 quando
571 3253 620 3319 vcl
643 3251 804 3343 quomodo
825 3251 942 3318 Filium
965 3264 1057 3341 putes
1081 3274 1146 3318 esse
1188 3245 1191 3260 ⁴

143 3359 369 3444 generatum?
416 3356 496 3425 Mihi
528 3359 613 3424 enim
640 3356 834 3448 impossibile
864 3369 910 3423 est
935 3357 1145 3446 generationis

157 3459 239 3526 scire
271 3473 447 3530 secretum:
480 3487 567 3538 mens
590 3464 719 3545 deficit,
751 3487 808 3528 vor
830 3462 902 3528 silet
917 3509 1020 3542 .....
1049 3484 1144 3551 supra

156 3577 348 3654 potestates,
379 3579 412 3632 et
432 3589 526 3657 snpra
551 3568 706 3663 lngelos,
729 3580 761 3634 et
783 3554 877 3657 supra
903 3564 1088 3647 Cherubin,
1111 3579 1143 3633 ct

194 3851 238 3922 (1]
274 3855 302 3910 la.
323 3855 341 3907 Ι.
360 3873 389 3925 p.
411 3857 470 3910 151.

190 3950 238 4021 ’(2)
273 3952 371 4006 lotrad·
392 3959 425 4007 nd
445 3955 529 4010 Theol.
549 3958 577 4009 L.
598 3957 632 4009 11.
651 3957 679 4009 C.
700 3957 735 4010 ll.
754 3975 781 4025 p·
803 3956 880 4010 lot't.
897 3974 925 4010 oe
943 3959 962 4012 l.

124 4091 127 4094 .
199 4049 364 4121 (³).Symb.
384 4052 492 4108 Nicaea·
510 4055 685 4110 turbarunt:
723 4059 837 4126 Ἰησοῦν
868 4059 976 4129 Χριςὸν
1004 4059 1055 4109 τὸν
1081 4058 1144 4109 υἱὸν

156 4138 340 4272 ἷῖῦόὁίὲιοῦ,
368 4146 550 4209 γεννηθέντα
580 4149 609 4197 ἐκ
642 4145 694 4195 τοῦ
723 4147 834 4214 πατρὸς
855 4151 1006 4210 μονογενῆ.
1042 4139 1145 4206 Manat,
