2938 5080
808 467 857 541 28
1285 497 1454 580 ,ηρ

335 708 420 800 quod
446 705 529 774 hanc
547 709 704 799 egregiam
729 705 789 774 Ilei
813 706 1002 796 sapientiam
1029 708 1163 798 opponit
1186 706 1243 774 rili
1265 703 1331 771 llo·

332 815 455 880 minum
480 815 672 904 sapientiae,
697 815 813 905 quibus
836 813 896 880 llei
918 813 1049 880 consilia
1070 813 1164 880 stulta
1185 835 1251 879 esse
1269 811 1326 876 vi-

334 917 469 986 deantur
491 921 553 1008 ll).
600 919 726 986 Plenius
756 932 866 986 autem
891 916 954 984 hoc
977 919 1038 986 tibi
1064 918 1187 1010 patebit
1211 917 1331 984 confe-

333 1003 417 1090 re⁰nti
438 1037 578 1088 nostrum
601 1022 728 1104 locum,
753 1023 785 1087 in
811 1045 875 1112 quo
888 1021 971 1088 hanc
982 1022 1169 1113 sapientiam
1183 1035 1245 1089 eta
1260 1021 1327 1088 [teo

334 1141 465 1196 anctore
492 1127 614 1194 derivat
627 1128 701 1220 (2),
734 1141 766 1194 et
800 1128 917 1194 diserte
940 1129 1073 1219 opponit
1091 1125 1249 1194 humanae
1271 1149 1327 1191 sa-

333 1234 475 1327 pientiae
488 1235 652 1326 ‚divinam3
673 1257 747 1300 nam
773 1255 863 1299 suum
885 1235 1029 1322 κήρυγμα
1050 1233 1131 1299 dicit
1151 1255 1246 1299 »non
1260 1252 1327 1297 esse

334 1342 427 1406 'situm
462 1340 495 1404 in
523 1340 729 1430 persuasoriis
766 1337 923 1405 humanae
960 1339 1133 1430 sapientiae
1164 1335 1326 1404 sermoni-

334 1445 394 1512 bus
404 1446 425 1475 ''
438 1442 511 1532 (3),
543 1459 576 1512 et
597 1470 642 1516 rs.
667 1449 698 1514 6.
724 1445 803 1512 dicit
826 1468 860 1512 se
882 1467 946 1510 non
967 1445 1171 1535 praedicare:
1209 1441 1327 1532 »sapi-

334 1551 452 1616 entiam
476 1547 571 1640 hujus
591 1547 729 1632 sacculi,
751 1571 859 1639 neque
882 1551 1067 1641 Principum
1079 1547 1173 1638 hujus
1185 1545 1323 1630 saeculi,

332 1655 393 1746 qni
416 1654 660 1724 destruuntur.’'
1119 1648 1121 1658 '

379 1760 587 1828 Praedicabat
610 1773 717 1826 autem
736 1757 853 1826 Paulus
875 1763 989 1845 σοφίαν
1013 1759 1074 1825 Ilei
1094 1765 1128 1829 ίν
1144 1759 1323 1846 μυστηρίῳ,·

335 1886 417 1955 quae
451 1865 530 1954 quid
555 1865 618 1947 sit,
642 1863 776 1956 explicat
802 1888 875 1932 mox
889 1915 899 1946 ,
924 1865 1080 1946 dicendo,
1112 1887 1229 1953 ›rquaa
1250 1869 1327 1928 erar

334 1971 552 2051 abscondita,
576 1993 672 2060 quam
695 1971 836 2037 decrevit
852 1971 938 2038 Deus
961 1983 1035 2036 ante
1056 1967 1179 2036 saecula
1198 1968 1232 2032 in
1250 1966 1321 2057 glo-

335 2075 416 2140 riam
445 2093 606 2158 nostram,
638 2098 698 2142 nec
719 2088 936 2165 cognoverunt
957 2075 1121 2164 Principes
1140 2072 1237 2163 hujus
1258 2094 1323 2138 sae·

335 2178 422 2262 culi;
447 2226 492 2263 .,.
516 2229 527 2250 .
551 2228 562 2246 .
586 2181 678 2247 nobis
700 2195 808 2248 autem
827 2181 980 2271 patefecit
998 2181 1083 2246 Deus
1099 2203 1158 2270 per
1177 2178 1318 2268 spiritum

335 2288 465 2355 suum.'’
515 2285 665 2354 Consulto
685 2286 784 2377 igitur
805 2285 861 2352 hic
882 2287 1021 2378 explicat
1047 2284 1236 2376 Apostolus,
1259 2303 1314 2372 quo

335 2413 426 2456 sensu
461 2390 639 2482 intelligat,
674 2399 708 2464 έν
733 2396 893 2480 μυστηρίῳ
916 2415 981 2458 esse
1005 2389 1089 2458 hanc
1117 2390 1319 2480 sapientiam,

337 2515 433 2584 quam
461 2498 668 2585 praedicarit.
715 2497 843 2569 Etenim
872 2496 1006 2564 Paulum
1039 2493 1094 2562 hic
1118 2517 1181 2560 non
1204 2494 1321 2560 referre

335 2603 614 2688 ἀποκεκρυμμένην
644 2601 685 2668 ad
717 2605 830 2687 σοφίαν
862 2607 897 2672 ἐν
926 2605 1104 2689 μυστηρίῳ,
1139 2623 1176 2666 ac
1198 2599 1224 2664 si
1245 2611 1322 2664 esset

335 2702 389 2769 illa
410 2709 503 2790 σοφία
527 2709 786 2794 ἀποκεκρυμμίνη
806 2713 848 2792 ένΙ
862 2711 1040 2794 μυστηρίῳ,
1065 2718 1120 2772 aut
1140 2728 1177 2771 ac
1195 2704 1221 2769 si
1240 2703 1323 2793 posi·

335 2821 403 2876 tum
435 2823 514 2878 esset
536 2820 594 2896 τὴν
613 2815 893 2900 ἀποκεκρυμμένην
917 2819 944 2881 ε’.
966 2843 1001 2902 μ.
1014 2813 1090 2899 (4),
1121 2832 1158 2876 ex
1180 2809 1321 2885 ratione,

227 3001 231 3012 Ι
336 2937 397 3004 qua
430 2915 581 2982 articulus
612 2919 765 3008 ponitur,
801 2917 928 2984 abunde
961 2928 1093 2984 constat.
1143 2914 1178 2982 Si
1206 2932 1323 3001 nempe

334 3018 487 3086 vocabula
514 3025 791 3110 ἀποκεκρυμμένην
820 3023 983 3113 sequentia
1006 3044 1069 3088 non
1093 3018 1323 3086 constituerent

335 3124 585 3214 appositionem,
617 3126 671 3193 sed
700 3141 786 3194 arcte
807 3151 880 3194 cum
903 3127 1035 3193 vocibus
1057 3122 1321 3214 praecedentibus
1381 3153 1384 3164 =

336 3241 438 3296 essent
454 3232 586 3318 juncta,
607 3232 775 3322 Apostolus
796 3233 971 3324 scripsisset
983 3255 1002 3303 a,
1019 3234 1132 3316 σοηίαν
1150 3236 1243 3310 θεοῦ,
1263 3234 1321 3311 τὴν

336 3339 371 3405 ἐν
399 3339 556 3424 μυστηρίῳ
587 3340 876 3425 ἀποκεκρυμμένην.
900 3373 945 3386 -·
967 3338 1134 3403 Praeterea
1160 3331 1321 3422 quaestio,

336 3463 431 3531 quam
453 3463 484 3506 e.
509 3464 539 3530 g.
564 3447 717 3510 alienant
730 3445 779 3532 (5)
797 3454 921 3526 movet,
949 3463 1026 3508 num
1038 3438 1117 3506 illud
1128 3443 1322 3524 ἀποκεκρυμ-

335 3546 435 3632 μένην
458 3545 613 3634 significet
639 3549 748 3614 adduc
770 3548 1019 3630 absconditam,
1045 3569 1084 3610 an
1105 3554 1206 3610 antea
1227 3540 1320 3608 modo

335 3651 581 3733 absconditam,
606 3651 699 3719 facile
724 3653 765 3719 ab
788 3653 856 3743 ipso
879 3649 977 3719 Paulo
996 3649 1088 3716 nobis
1103 3647 1230 3714 ridetur
1246 3643 1321 3712 solvi

336 3766 403 3822 tam
432 3754 534 3822 forma
564 3757 729 3849 participii
755 3757 920 3848 perfecta,
953 3755 1131 3840 perfectum
1162 3751 1321 3830 iudicante

281 4069 288 4084 t
342 4025 417 4098 (l)
455 4029 607 4084 Lat-tt.
662 4047 664 4051 ’
767 4027 812 4100 (2)
849 4036 883 4098 ἢν
902 4031 1061 4102 προώρισεν
1081 4049 1105 4080 κ.
1124 4047 1154 4080 τ.
1174 4029 1200 4078 λ.

374 4114 417 4185 (3)
454 4116 496 4168 Va.
514 4117 542 4170 l.
767 4114 809 4186 (t)
845 4114 889 4167 Uti
900 4130 998 4166 anonas
1010 4110 1044 4166 ad
1056 4111 1084 4174 ᾖ.
1097 4111 1116 4166 Ι.
1127 4117 1214 4197 putat.
1249 4190 1252 4198 ρ

376 4197 418 4268 (ὅ)
458 4198 589 4252 lnComm
612 4197 718 4255 sdlr0l.
