2958 5096
807 488 890 572 112'

343 749 445 800 tarum
467 746 521 799 aut
542 731 833 822 patefaciendarum
857 731 896 798 ad
917 731 1322 808 rerumabscondendcrnm

343 839 516 906 notionem.
625 831 629 846 ⁴
1213 903 1216 912 ,

387 943 458 1012 Non
485 943 661 1033 negandum
682 956 788 1010 antem
810 957 876 1025 ext,
901 943 1047 1034 antiquos
1068 943 1129 1012 hac
1150 947 1184 1011 in
1206 969 1240 1012 re
1261 969 1321 1012 nc-

343 1048 392 1114 bis
425 1050 520 1116 duces
552 1073 617 1116 esse
647 1069 710 1114 non
739 1073 827 1139 posse
848 1049 950 1128 solox,
980 1049 1237 1139 quandoquidem
1262 1072 1323 1115 non

344 1153 486 1220 consulto
506 1155 667 1235 rationes,
691 1155 807 1244 quibus
829 1153 917 1220 ducti
942 1151 1004 1218 hoc
1020 1153 1068 1218 rel
1086 1154 1163 1219 illud
1182 1154 1324 1245 egerint,

343 1273 565 1348 exposuerunt.
612 1259 675 1326 Hic
703 1259 770 1326 illie
793 1272 915 1326 tantum
937 1258 1091 1349 quaedam
1114 1259 1252 1328 indicata
1275 1260 1324 1324 ri·

343 1363 475 1450 demus,
499 1387 601 1453 quae,
627 1365 891 1452 conjunctarum
917 1365 977 1443 iis,
1002 1386 1083 1452 quae
1105 1365 1171 1453 ipsa
1196 1367 1243 1431 rei
1264 1387 1322 1430 na-

344 1481 414 1534 tura
438 1469 478 1534 de
495 1469 694 1550 rationibus,
719 1491 776 1534 cur
801 1469 843 1533 ita
858 1468 1003 1557 egerint,
1027 1465 1176 1548 exhibet,
1197 1469 1326 1536 fortasse

341 1595 398 1638 nos
418 1573 580 1638 rationum
595 1572 800 1652 calidarum,
827 1571 934 1638 raltem
957 1571 1201 1654 verosimilium,
1224 1573 1324 1640 certi·

341 1698 410 1742 aree
438 1677 573 1744 reddent
587 1676 649 1764 (l).
696 1677 884 1744 Primariam
906 1699 1021 1766 nempe
1045 1699 1171 1742 causam

388 1783 428 1852 A.
476 1783 504 1848 A
525 1805 636 1846 rerum
659 1786 875 1870 antiquarum
896 1783 1008 1848 studio
1020 1831 1028 1862 ,
1052 1785 1237 1848 hominibus
1254 1787 1328 1848 uni-

341 1911 435 1954 verse
463 1891 607 1977 propria
633 1872 815 1976 repetimus.
876 1888 1078 1976 Experientiai
1109 1887 1195 1954 enim
1226 1885 1327 1972 texte,

340 1989 403 2058 hoc
425 1992 564 2058 studium
588 1990 771 2058 hominibus
790 1991 887 2081 magis
911 1991 1054 2058 minusve
1080 2007 1248 2059 commune
1262 2006 1326 2062 est:

342 2120 431 2164 amor
453 2109 644 2187 parentum,
669 2096 911 2176 institutorum,
939 2086 1128 2186 prociarum
1152 2097 1234 2188 apud
1249 2121 1327 2188 pox-

341 2215 425 2268 teros
455 2204 642 2290 conjunctus
674 2223 739 2267 esse
764 2201 841 2266 solet
870 2223 942 2266 cum
965 2203 1118 2267 memorii
1142 2203 1194 2292 pia
1218 2225 1329 2267 eorum

341 2307 474 2374 virtutes
494 2307 674 2392 recolente,
695 2306 842 2370 vitiorum
866 2304 1046 2386 oblivione,
1067 2307 1202 2372 maxime
1222 2320 1330 2372 autern

343 2435 417 2480 cum
446 2413 571 2494 studio,
599 2435 663 2502 quo
685 2423 814 2500 accepta
840 2423 872 2478 et
897 2410 1012 2476 tradita
1035 2412 1075 2476 ab
1095 2411 1166 2491 his,
1191 2411 1331 2501 cujusvis

249 2599 252 2606 Ι
342 2519 464 2608 generis
486 2517 569 2600 sint,
592 2529 838 2606 prosequantur.
888 2517 955 2600 Qua
974 2517 1007 2580 in
1018 2539 1052 2581 re
1059 2517 1224 2604 juniorum
1237 2535 1332 2604 saepe

342 2623 439 2689 duces
458 2634 529 2687 sunt
553 2634 617 2686 tem
641 2619 845 2699 reverentia,
877 2643 971 2710 quam
994 2622 1152 2685 seniorum
1179 2619 1332 2687 exhibent

342 2727 554 2818 experientiae
582 2747 618 2790 ac
636 2723 802 2813 judicandi
821 2723 965 2790 facultati
987 2725 1123 2813 majori,
1145 2748 1241 2814 qnam
1264 2726 1332 2814 ipsa

343 2832 390 2898 rei
422 2843 548 2901 natura.
591 2831 732 2896 Etenim
751 2828 883 2917 antiqua
908 2829 966 2895 ista
991 2853 1082 2895 usum
1103 2830 1333 2919 praestiterunt
1362 2826 1366 2830 ’

241 2995 244 3000 ,
343 2935 495 3004 hactenus
518 2936 583 3002 iere
608 2934 776 3018 probatum
789 2943 806 3018 ,’
822 2957 901 2999 nora
925 2957 1000 3000 vero
1022 2933 1076 3020 nil·
1084 2957 1159 3024 prae
1175 2957 1207 3000 se
1222 2934 1333 3000 ferunt

344 3043 405 3108 nixi
435 3041 535 3131 ipsam
567 3039 715 3106 novitatis
745 3039 893 3128 speciem.
940 3037 1092 3128 Exempla
1111 3037 1205 3128 hujus
1231 3039 1334 3106 studii

346 3149 550 3236 antiquarum
596 3167 704 3212 rerum
738 3143 829 3210 nobis
859 3143 1013 3234 praebent
1044 3143 1187 3232 inprimis
1217 3143 1334 3210 divites
1360 3146 1362 3151 ’

383 3466 426 3536 (Ι)
463 3465 679 3537 Diaquiritionem
707 3470 842 3527 noctram,
871 3477 920 3516 eur
950 3467 1074 3532 μυςὴρια
1103 3457 1194 3512 habita
1216 3457 1273 3510 rint
1292 3472 1335 3508 rer
1444 3483 1445 3492 κ

345 3549 564 3617 abscondendac,
584 3552 597 3614 S
618 3551 667 3614 2⁸,
687 3549 833 3619 incepimm
850 3565 866 3599 a
882 3544 1049 3599 consulendis
1067 3561 1154 3596 rnrrmr
1171 3555 1198 3596 a·
1217 3550 1244 3596 et
1258 3541 1335 3594 hunc

343 3637 546 3690 aubrecutorum
564 3637 670 3688 Petrum
688 3635 807 3702 scriptio:
829 3650 904 3704 quur
923 3647 1030 3702 quoqne
1041 3637 1126 3682 aetate
1138 3625 1278 3680 contendit
1293 3625 1335 3677 vir

344 3719 417 3774 doct.
436 3738 462 3773 a.
480 3737 572 3784 noran,
599 3723 627 3771 dc
645 3723 796 3789 disciplinae
814 3707 926 3780 crccm',
944 3734 1006 3784 quae
1023 3719 1135 3777 dicitur,
1151 3719 1181 3766 e'n
1198 3717 1261 3792 eccl-¹
1285 3711 1333 3764 Gt.

343 3810 455 3875 eripiar,
472 3802 591 3857 noraoth.
612 3805 695 3868 tart,
714 3801 942 3856 aacraChriatiana
949 3803 1058 3868 somnam
1079 3799 1267 3870 mysteriorum
1285 3811 1336 3848 ae-

342 3891 455 3959 cepiree,
482 3907 543 3942 curn
562 3898 638 3942 antea
651 3893 709 3960 jam
726 3906 818 3942 eorum
837 3893 960 3941 noricmm
979 3885 1107 3938 haberent
1116 3923 1125 3948 ,
1143 3881 1216 3955 qnod
1233 3888 1335 3951 sponte

341 3975 470 4028 effecerat
497 3975 601 4040 interna
626 3975 775 4039 Ecclesiae,
802 3983 829 4026 et
858 3971 987 4041 imprimis
1014 3969 1252 4022 catechumenatu·
1279 3965 1334 4018 rire

343 4059 503 4124 novitiatur,
530 4059 606 4112 ratio.
644 4055 723 4126 Quod
749 4057 831 4126 igitur
850 4074 901 4108 non
922 4056 1024 4108 sactum
1043 4053 1176 4123 prioribur
1198 4049 1336 4119 tempori·

342 4141 412 4207 bur,
431 4141 459 4195 id
476 4143 578 4196 facturn
597 4151 637 4194 ert
655 4139 863 4212 pmtcrioribut,
893 4147 923 4192 ut
940 4137 1087 4193 deliberato
1103 4157 1141 4192 rc.
1158 4133 1270 4190 coneilio
1288 4150 1335 4188 aa·

344 4244 387 4280 cra
405 4227 550 4280 Christiana
567 4224 802 4280 abrconderentnr·
839 4222 899 4278 vid.
922 4223 1069 4292 §.tt-lt·
1163 4273 1165 4280 ,
