2938 5080
805 477 853 550 60

337 711 385 776 uti
414 709 523 778 eadem
555 713 649 778 rerba
682 713 715 777 iu
748 713 858 778 eadem
887 735 922 780 rc
952 713 1077 778 narratl
1108 713 1256 804 probant.
1278 747 1322 762 -

215 877 216 882 ,
336 815 431 881 Vario
463 817 548 882 enim
577 817 673 882 modo
704 818 907 908 accipiuntur
940 815 1019 884 haec
1046 818 1141 884 rerba
1165 826 1200 888 ἐε
1221 821 1318 908 δόξῃ,

334 918 384 985 his
411 944 447 986 ea
479 921 689 987 referentibus
718 922 757 987 ad
786 925 904 1007 ὐσξίμ,
939 923 1000 1011 qui
1036 923 1201 988 fruebatur
1229 937 1321 988 antea

334 1026 419 1113 apud
441 1026 644 1114 Patrem(l)‚
669 1025 729 1090 illis
745 1026 784 1091 ad
797 1040 927 1092 naturae
940 1025 1177 1117 phaenomena,
1201 1027 1319 1116 quibus

292 1147 295 1154 ·
335 1131 562 1218 apparentibus
592 1131 626 1194 in
653 1130 776 1196 eoelum
807 1130 947 1196 sublatus
978 1145 1023 1197 est
1047 1132 1148 1197 Jesus.
1197 1132 1319 1196 llarum

335 1245 440 1298 autem
474 1235 703 1324 interpretandi
730 1237 889 1302 ratlonum
916 1237 1055 1326 priorem
1080 1249 1219 1303 nostram
1242 1235 1321 1300 laci-

334 1359 403 1402 mus
416 1389 426 1418 ,
450 1339 498 1404 vel
520 1338 600 1406 hauc
623 1341 664 1405 ob
687 1364 834 1422 causam,
860 1342 944 1431 quod
968 1340 1112 1407 historici
1132 1343 1175 1409 N.
1189 1342 1226 1410 Τ.
1252 1339 1323 1404 uul-

334 1441 396 1506 lam
429 1442 622 1510 mentionem
650 1445 772 1511 faciunt
796 1446 1002 1534 insigniorum
1027 1459 1157 1511 naturae
1181 1442 1322 1535 phaeno-
1361 1485 1366 1490 -

333 1569 520 1626 metrorum,
545 1548 743 1614 solummodo
766 1573 840 1615 reru
860 1551 993 1632 dicunt,
1017 1553 1134 1618 nubem
1156 1551 1260 1641 ipsum
1281 1549 1322 1614 ab

334 1654 433 1720 oculis
451 1655 678 1750 discipulorum
697 1657 871 1724 abstulisse.

378 1759 492 1847 ltaque
522 1758 577 1825 hie
607 1761 699 1829 Jesus
732 1760 899 1841 Christus,
937 1761 977 1828 de
1014 1785 1077 1853 quo
1111 1761 1316 1828 haecomnia

333 1859 478 1944 dixerat,
503 1879 570 1930 erat
592 1877 645 1950 τῆς
668 1870 824 1956 εὐσεβείας
845 1875 1027 1951 μυστήριον.
1075 1867 1158 1950 Quid
1170 1867 1233 1932 sihi
1246 1865 1321 1933 haec

335 1966 459 2034 velint?
507 1973 599 2036 Patet
630 1971 782 2037 facillime
811 1993 877 2036 esse
913 1994 1089 2037 sermonem
1122 1972 1162 2038 de
1186 1976 1322 2063 εὐσεβείᾳ

338 2070 613 2156 Christianorum,
638 2075 678 2141 dc
703 2099 765 2165 qua
789 2088 970 2142 constanter
993 2102 1009 2142 a
1032 2075 1130 2143 Paulo
1150 2100 1207 2142 ror
1233 2099 1322 2142 usur·

333 2174 430 2270 patur'
444 2182 503 2265 (2).
553 2181 621 2266 Quo
641 2203 731 2246 sensu
756 2204 828 2246 oum
850 2181 1037 2270 accipienda
1051 2183 1091 2248 sit
1103 2187 1261 2273 εὐσεβεία,
1286 2189 1321 2252 τὸ

333 2295 502 2370 μυστήριον
534 2308 599 2352 esse
623 2285 715 2351 facile
732 2285 835 2375 liquet
856 2286 1008 2365 modum,
1042 2309 1105 2376 quo
1125 2310 1183 2377 per
1209 2289 1315 2354 Jesum

336 2386 497 2455 Christum
510 2388 653 2455 homiues
673 2391 849 2456 reddantur
872 2399 1017 2482 εὐσεβεῖς.
1066 2395 1189 2478 Quare,
1212 2415 1318 2470 recur7

334 2507 439 2560 rentes
451 2495 489 2560 ad
504 2519 559 2576 ea,
584 2498 740 2584 quaejam
751 2495 812 2561 hae
826 2496 865 2562 de
879 2519 913 2562 re
926 2496 1063 2563 vidimus
1075 2497 1216 2578 ,Paulus
1230 2497 1320 2562 nobis

335 2597 375 2663 de
389 2621 426 2664 eo
438 2622 530 2688 agere
542 2599 668 2665 ridetur
677 2649 686 2681 ,
706 2601 866 2690 quomodo
879 2613 968 2667 antea
983 2603 1023 2668 ab
1039 2602 1127 2690 omni
1138 2615 1229 2693 parte
1241 2614 1321 2668 esset
1410 2655 1416 2682 ,

335 2702 578 2785 absconditum,
613 2705 716 2770 Deum
748 2704 826 2770 relle
850 2718 881 2770 et
909 2730 1000 2795 posse
1024 2705 1168 2772 homiues
1190 2714 1322 2796 εὐσεβεῖς

336 2807 469 2874 reddere
487 2832 544 2899 per
561 2811 673 2876 ,lesum
697 2807 881 2892 Christum3
906 2835 1052 2900 -quae
1073 2835 1142 2893 res,
1173 2836 1210 2878 ex
1233 2812 1324 2879 Pauli

281 2930 283 2934 ’
336 2926 463 2994 mente,
498 2913 602 2981 adhuc
634 2927 783 3002 μυςήρισν
813 2917 939 2982 ridetur
972 2941 1038 2984 esse
1071 2918 1130 2998 iis,
1166 2919 1222 3007 qui
1243 2919 1322 2986 Jesu

339 3015 464 3084 Christo
489 3020 630 3085 noudum
650 3021 746 3086 fidem
769 3019 906 3086 habeant
929 3019 1056 3110 plenam
1077 3034 1109 3087 et
1131 3035 1265 3088 certam.

384 3124 531 3209 Quamvis
559 3127 764 3215 caeteroquin
796 3149 858 3191 non
893 3127 1019 3192 disertis
1040 3128 1144 3193 verbis
1167 3129 1324 3218 exprimat

337 3228 475 3309 Paulus,
508 3252 541 3294 se
575 3252 668 3318 agere
703 3230 741 3295 dc
764 3235 920 3319 μυστηρίῳ
943 3231 1127 3320 patefacto,
1162 3231 1194 3297 id
1218 3245 1325 3297 tamen

337 3332 438 3421 liquet
459 3355 495 3398 er
518 3333 544 3401 Ι.
570 3341 631 3413 15,
662 3332 718 3398 ubi
749 3333 829 3399 dicit
849 3336 960 3402 Jesum
983 3333 1144 3402 Christum
1168 3336 1200 3400 iu
1225 3358 1325 3400 mun-

338 3437 415 3504 dum
437 3438 577 3519 venisse,
608 3449 644 3502 ut
665 3451 803 3504 servaret
829 3451 1009 3522 peccatores
1033 3437 1096 3526 (his
1122 3440 1217 3530 igitur
1242 3445 1326 3510 εὐσε-

339 3590 453 3610 u

375 3670 417 3740 (l)
452 3667 517 3726 Joh.
538 3671 618 3724 XVll.
637 3672 664 3723 h.

375 3754 417 3824 (2)
452 3754 493 3808 Cl.
523 3772 547 3809 v.
575 3772 598 3810 e.
628 3755 708 3827 hujus
733 3757 811 3825 epist.
839 3759 873 3811 li.
901 3759 918 3810 2
946 3757 992 3811 nbi
1022 3759 1143 3832 loquitur
1171 3756 1205 3812 de
1222 3760 1275 3812 rita
1295 3758 1325 3810 in

337 3839 411 3891 omni
449 3844 591 3908 εὐσεβείᾳ
619 3839 807 3911 transigendas
838 3867 873 3881 -
899 3843 943 3895 lv,
971 3844 1008 3910 7,
1035 3845 1052 3897 8
1081 3843 1126 3896 nbi
1155 3842 1325 3896 Timotheum

339 3929 447 3988 monet,
475 3931 505 3975 ut
524 3941 551 3976 re
568 3935 686 3976 exerceat
703 3927 731 3978 in
751 3931 914 3996 εὐσεβείᾳ,
943 3929 1042 4001 quippo
1059 3946 1127 4000 quas
1146 3927 1241 3982 habeat
1258 3944 1324 4000 pro-

339 4006 446 4060 missum
476 4008 542 4061 ritae
569 4011 712 4077 praesentis
730 4027 762 4062 nc
779 4010 905 4079 interm
926 4037 959 4051 ·-
976 4023 1004 4065 et
1021 4015 1067 4066 Ν.
1087 4016 1123 4079 3,
1151 4017 1185 4078 b,
1215 4013 1248 4078 6,
1281 4015 1323 4066 ll.

339 4089 442 4142 atim.
471 4092 517 4146 ill.
536 4094 561 4144 b.
601 4093 640 4144 lta
657 4104 684 4146 ει
701 4095 795 4147 Paulus
817 4095 844 4146 in
863 4095 912 4164 Ep.
932 4095 968 4149 ad
985 4097 1074 4150 'l'itum
1099 4099 1121 4152 l.
1145 4099 1158 4150 l
1179 4101 1324 4168 ἀληθείσν

327 4170 408 4226 'dicit
428 4177 492 4229 κατ’
510 4181 677 4243 adulfinus·
