2938 5080
605 487 650 560 57

137 725 223 814 quod
246 723 377 790 ulterius
396 725 578 814 probemus.
602 761 647 774 -
668 723 767 790 Hicca
786 737 890 790 autern
910 724 1121 794 JesusChris-

39 849 47 858 ·
138 845 210 910 tus,
242 829 296 918 qui
326 829 360 892 in
384 829 672 918 carne'apparuit,
698 836 732 900 ἓν
759 833 913 915 πνεύματι
936 834 1121 914 ἐδικαιώθη.

139 934 346 1026 Respondete
381 935 477 1000 verba
506 941 539 1002 ἐν
560 941 716 1020 πνεύματι
739 935 842 1000 verbis
865 935 1124 1004 antecedentibus

140 1047 172 1111 ἐν
198 1047 309 1126 σαρκὶ,
334 1039 468 1128 quisque
491 1038 584 1104 facile
607 1040 703 1106 videt.
733 1041 807 1107 dnm
821 1063 895 1106 vero
908 1039 969 1106 hoc
981 1045 1123 1108 δικαιοῦν

140 1146 296 1237 significat
319 1144 432 1230 vulgo:
470 1145 649 1210 declarare
673 1167 742 1210 rem
768 1169 838 1210 esse
859 1149 982 1228 lolem,
1011 1147 1124 1233 qualis

141 1275 209 1316 csse
242 1251 430 1336 detecto).
478 1248 591 1315 Paulos
612 1250 730 1339 igitur,
762 1249 900 1315 divinam
921 1251 999 1317 desu
1022 1245 1123 1313 missi-

142 1379 233 1422 onem
264 1368 337 1420 ento
359 1354 465 1420 oeulos
489 1351 629 1437 habens,
662 1367 694 1420 et
719 1352 956 1428 bancmarime
979 1375 1125 1442 compro-

143 1463 247 1528 batam
276 1461 383 1526 ridens
415 1461 447 1524 in
480 1461 546 1548 ejus
577 1481 595 1525 e
625 1473 728 1525 morte
759 1461 1010 1539 resurrectione,
1043 1457 1124 1523 banc

145 1569 235 1650 etiam
260 1564 318 1632 hic
342 1566 466 1631 ridetur
489 1565 695 1653 innuere(2).
742 1573 894 1634 memorio
916 1577 1020 1629 autern
1042 1563 1125 1628 diffi-

146 1671 202 1738 cile
239 1671 352 1737 referri
384 1683 487 1760 potest
504 1671 549 1758 (3)
581 1669 620 1734 ad
652 1669 805 1735 miracula
836 1695 852 1735 a
879 1672 955 1752 Jesu
979 1681 1126 1756 patrata,

148 1777 264 1866 quippe
292 1798 373 1865 quae
394 1777 434 1842 ab
460 1777 528 1866 ipso
547 1777 623 1843 ,lesu
649 1799 711 1840 non
737 1777 927 1866 praecipuae
951 1774 1056 1865 operis
1077 1772 1125 1838 sui

148 1894 247 1970 partes
275 1878 453 1961 habentur,
485 1879 541 1947 sed
573 1879 747 1945 necessaria
777 1881 871 1944 modo
904 1881 944 1944 ob
969 1876 1127 1945 carnalem
1183 1883 1185 1890 '

150 1984 338 2050 iudaeorum
357 1984 445 2049 istius
467 1986 619 2075 temporis
638 1985 865 2051 conditionem.
886 1983 998 2049 Penius
1010 1984 1126 2072 igitur,

157 2089 209 2176 qni
239 2088 461 2154 miraculorum
492 2112 508 2154 a
541 2091 618 2156 Jesu
649 2102 845 2178 patratorum
879 2089 945 2154 fere
974 2107 1128 2178 nusquam

157 2193 338 2268 mentionem
366 2193 463 2274 facit,
495 2193 598 2258 minus
632 2193 845 2260 verisimiliter
876 2194 931 2260 hic
957 2194 995 2259 ad
1022 2193 1127 2258 mira·

155 2295 241 2376 cuia,
274 2301 518 2388 comprobantia
549 2299 658 2364 desum
689 2302 807 2383 talem,
838 2303 952 2388 qualis
978 2321 1048 2364 esse
1072 2299 1129 2364 de·

31 2399 32 2402 '
148 2403 238 2486 beat,
261 2404 444 2493 attepdsre,
472 2402 583 2468 baberi
604 2416 718 2492 potest.

99 2501 102 2506 Ι
191 2509 386 2594 Ἐδικαιὼθη
420 2523 526 2574 autem
554 2510 645 2575 Jesus
673 2515 705 2578 ἐν
730 2507 909 2594 πνεύματι]
957 2508 1038 2594 Quid
1065 2508 1126 2573 sibi

147 2611 241 2678 redint
257 2612 337 2678 baec
356 2613 492 2678 ultima?
540 2613 690 2678 Videmus
711 2612 790 2680 haec
809 2615 903 2680 verba
924 2617 1043 2704 opponi
1058 2637 1128 2679 rcr-

146 2719 192 2784 bis
213 2709 473 2784 antecedentibus
493 2725 526 2788 ἐν
550 2726 661 2805 σαρκὶ,
682 2720 845 2809 quamvis,
870 2720 895 2784 si
910 2719 1126 2785 consideretur

144 2821 229 2888 locus
266 2823 334 2888 fere
372 2823 539 2913 parallelus
575 2824 665 2888 Rom.
695 2825 721 2888 Ι.
758 2829 797 2902 4,
838 2825 968 2889 fortasse
1004 2824 1129 2888 animus

144 2927 237 2992 Pauli·
258 2927 319 2995 fuit
342 2929 481 2994 scribere
504 2935 585 2995 κατὰ
609 2937 740 3012 πνεῦμα.
788 2930 950 3013 Εῑεηίιη,
970 2931 1018 2994 uti
1043 2941 1132 2994 ante·

144 3031 289 3098 cedentia
322 3043 464 3122 spectant
487 3035 732 3122 desu'naturam
757 3029 951 3112 humanam,
976 3048 1130 3122 quatenus

145 3151 190 3202 cst
212 3137 388 3218 sensualis,
416 3138 460 3204 ita
481 3136 561 3204 haec
580 3150 722 3227 spectant
742 3138 809 3226 ejus
830 3151 994 3219 naturam,
1019 3151 1130 3228 quotc-

144 3264 201 3308 nus
222 3260 270 3308 ost
292 3241 476 3332 spiritualis.
525 3245 593 3310 Hoc
614 3265 688 3309 vero
712 3255 835 3329 πνεῦμα
856 3257 902 3309 ast
914 3293 924 3324 ,
956 3244 1130 3311 secundum

182 3513 225 3584 (1)
266 3514 306 3569 ct.
327 3531 407 3569 saona.
437 3519 455 3570 i·
474 3519 491 3570 1.
513 3522 732 3587 (decoctorem
750 3524 819 3571 vocis
837 3522 968 3581 δίκαιος,
996 3527 1020 3570 at
1038 3535 1129 3588 capno·

57 3662 59 3669 s
146 3611 227 3654 torrem
245 3606 276 3652 ic
297 3599 325 3653 Ν.
347 3601 390 3667 Τ.)
411 3603 484 3672 inpr.
503 3621 529 3675 p.
552 3603 620 3669 Μ,
639 3611 666 3655 et
682 3602 755 3656 alibi.

184 3688 226 3762 ,2)
265 3687 306 3745 Cf.
324 3707 348 3743 e.
368 3708 393 3744 o.
412 3692 491 3744 Rom.
515 3693 537 3746 Ι.
559 3695 595 3757 b,
616 3691 663 3743 ubi
683 3693 708 3746 J.
731 3693 761 3746 C.
779 3691 971 3744 resurrectione
988 3709 1003 3744 e
1022 3693 1133 3745 mortuis
1176 3707 1178 3711 ·

145 3774 193 3826 Dei
220 3772 290 3826 titius
308 3774 495 3842 comprobatus
514 3794 568 3829 esse
593 3775 713 3844 dicitnr;
741 3785 767 3829 et
789 3779 801 3828 1
821 3777 880 3831 Cor.
897 3776 952 3830 XV.
971 3778 1007 3842 3,
1025 3778 1061 3842 4,
1080 3776 1133 3844 17,

146 3855 192 3908 ubi
220 3855 383 3929 praedicatio
408 3861 434 3914 J.
453 3861 482 3913 C.
510 3869 538 3914 et
556 3860 621 3914 fides
640 3863 689 3930 ipri
707 3859 797 3937 bpbita
816 3867 889 3920 arcta
908 3878 970 3914 cunr
988 3868 1025 3930 τῇ
1047 3865 1136 3914 ἀνασ-

146 3946 230 3996 τάσει
258 3943 419 4012 oobaerent3
447 3953 475 3998 et
498 3946 566 4000 Phil.
585 3947 703 4011 111.10‚
731 3945 775 3998 ubi
793 3947 888 4020 Paulus
906 3945 1045 4014 distinguit
1058 3945 1134 3998 inter

147 4027 326 4096 cognitionem
343 4027 369 4083 J.
388 4029 417 4082 C.
435 4020 463 4081 e't
481 4029 533 4082 vim
551 4031 632 4102 ipsius
650 4025 865 4097 resurrectionis,
885 4032 963 4083 nom.
983 4031 1016 4082 Χ.
1033 4031 1061 4083 9.

184 4115 227 4185 (3)
268 4117 310 4171 un
335 4117 492 4188 interpretes
511 4121 633 4173 nonnulii
651 4131 753 4190 agunt,
781 4121 818 4176 cs.
837 4107 974 4187 irnrwrm,
1002 4121 1134 4190 Apostoli-

148 4205 207 4254 rctta
227 4201 333 4272 Bricsa,
353 4205 387 4258 ll.
408 4206 437 4259 B.
460 4207 544 4272 1784,
563 4203 598 4260 ad
617 4206 645 4260 b.
664 4207 682 4260 1.
