2938 5080
623 499 671 576 63

601 741 697 825 §aa

538 852 639 943 ripoo.
665 853 704 920 X.
732 857 764 924 7.

155 984 279 1058 Ἀλλά
311 986 354 1059 ἐν
377 999 467 1070 ταῖς
492 989 656 1083 ἡμέραις
681 997 749 1076 τῆς
773 995 904 1079 φωνῆς
927 973 996 1062 τοῦ
1020 985 1140 1081 ἑβδό-

198 1125 277 1192 μου
308 1098 495 1196 ἀγγέλου,
527 1101 635 1174 ,ὅταν
658 1099 774 1198 μελλῃ
801 1101 1029 1192 σαλπίζειν,
1067 1103 1138 1175 καὶ

200 1211 374 1299 ἐτελέσθη
404 1213 449 1284 τὸ
473 1217 685 1308 μυστήριον
710 1220 776 1286 τοῦ
803 1217 915 1300 θεοῦ,
955 1214 1006 1298 ὡς
1030 1212 1138 1312 sorry-

197 1324 323 1420 γελιοε
347 1325 437 1408 τοὺς
463 1327 598 1399 ἑαυτοῦ
624 1321 782 1408 δούλους
806 1325 895 1408 τοὺς
919 1330 1132 1422 προφήτας.

195 1464 268 1552 ipsa
291 1462 386 1528 rerba
412 1462 579 1543 indicant,
616 1483 792 1526 sermonem
816 1485 881 1528 osse
905 1461 939 1530 h.
966 1463 990 1532 Ι.
1015 1462 1055 1530 do
1080 1485 1134 1543 re,

152 1589 233 1656 quae
257 1567 397 1632 nondum
422 1579 490 1632 erat
515 1551 627 1644 farta}
646 1565 781 1654 ideoque
807 1565 989 1632 abscondito
1003 1616 1013 1648 ,
1037 1567 1137 1634 alteo

151 1693 225 1736 roro
265 1672 454 1738 annunciata
489 1683 639 1760 tanquam
674 1671 807 1750 futura,
849 1670 985 1760 ideoque
1008 1671 1164 1756 ¹deindo,

152 1775 390 1846 manifestanda.
437 1777 543 1864 Loqui
575 1775 660 1840 euim
686 1787 849 1840 auctorem
873 1775 913 1840 do
936 1798 971 1842 re
994 1775 1135 1842 nondum

154 1881 258 1957 iacta,
293 1881 574 1971 probant‹rorha,
598 1880 714 1968 quibus
738 1879 880 1960 indicat,
904 1880 1045 1946 nondum
1068 1901 1135 1946 esso

156 1999 400 2051 consummatum
428 1993 460 2054 τὸ
484 1985 633 2072 pugnator
648 1987 712 2072 (1).
761 1985 815 2050 Est
838 1999 943 2050 autern
967 1983 1028 2050 hoo
1052 2009 1136 2074 mya-

162 2089 271 2154 terium
305 2092 469 2156 consilium
503 2091 668 2169 divinum,
701 2089 809 2175 quod,
841 2089 945 2156 adhuc
968 2090 1135 2156 abscondi·

90 2199 94 2204 ’
163 2205 251 2273 turn,
286 2193 549 2262 manifestandum
584 2217 670 2273 osso,
702 2195 769 2282 jorn
802 2208 892 2260 antea
923 2196 1007 2262 Deus
1038 2194 1133 2260 servio

157 2295 249 2384 ipsius
279 2312 309 2364 et
343 2297 509 2390 Prophetis
542 2299 797 2364 annunciaverat.
845 2299 915 2364 Hoo
950 2299 1046 2388 igitur
1074 2299 1131 2364 ab·

153 2400 285 2466 solutum
322 2405 386 2470 rire
419 2404 614 2494 patefactum
639 2403 679 2467 iri
704 2424 738 2467 re
762 2415 793 2466 et
817 2402 925 2482 iacto,
952 2405 1020 2490 jorn
1044 2403 1131 2470 iocus

152 2519 255 2572 noster
288 2509 355 2598 ipso
387 2509 512 2574 ridetur
546 2507 712 2589 indicare3
748 2519 779 2570 at
812 2505 940 2596 insuper
970 2507 1071 2598 liquet
1094 2531 1130 2576 ex

150 2611 206 2680 XI.
234 2618 294 2696 15,
325 2636 389 2703 quo
413 2615 562 2703 clangisse
586 2613 705 2678 dicitur
728 2612 879 2702 septimus
903 2613 1063 2702 Angelus,
1093 2637 1131 2682 ao

150 2739 238 2781 voces
262 2741 388 2806 magnas
412 2718 533 2784 auditas
557 2741 644 2798 esse3
671 2739 753 2806 quae
777 2739 825 2782 res
844 2730 950 2782 nostro
968 2717 1039 2810 ioco
1053 2731 1131 2784 tem·

146 2843 206 2910 pus
230 2824 507 2888 consummationis
531 2837 584 2890 τοῦ
607 2825 758 2908 μοςηρίοο
782 2819 959 2890 exhibetur.

192 2928 254 2994 Res
278 2942 409 3008 autem,
436 2934 577 3018 quaot2)
610 2951 647 2994 ex
669 2927 730 2992 hoc
754 2926 885 2990 consilio
909 2927 1036 3010 divino,
1060 2930 1132 2994 abs·

146 3031 301 3112 condito,
335 3031 440 3097 iocum
465 3048 543 3098 esset
566 3032 736 3110 habitura,
760 3044 792 3095 et
815 3053 850 3094 er
876 3031 1018 3120 Apostoli
1041 3055 1132 3098 meo-

145 3147 179 3202 te
202 3159 311 3201 revera
336 3134 441 3202 lorum
464 3135 577 3202 habuit
592 3137 640 3225 (3)
653 3186 662 3216 ,
695 3149 741 3200 ost
766 3140 928 3214 viatoria,
950 3161 1047 3225 qoam
1077 3161 1132 3204 rea

149 3241 352 3309 Christiana
388 3245 576 3327 reportavit
609 3243 650 3306 ote
670 3245 785 3329 rogato
805 3246 949 3306 terrenis
972 3241 1130 3332 (adeoquo

147 3343 267 3412 Christi
292 3367 388 3434 regno
412 3347 570 3435 spirituali
595 3345 749 3432 infensis).

190 3451 234 3518 H.
271 3448 291 3513 l.
330 3449 426 3539 igitur
455 3459 489 3518 τὸ
511 3453 660 3540 μοςήριον
685 3461 731 3515 est
754 3471 803 3516 res
826 3449 1032 3533 abscondita,
1065 3453 1129 3520 sivo

144 3555 289 3620 noudum
315 3577 349 3620 re
372 3570 404 3622 et
432 3557 515 3623 iacto
540 3557 720 3648 patefacta,
744 3555 796 3621 sed
822 3553 1129 3646 adhuopateiooieu·

146 3659 186 3726 da
209 3657 256 3747 (et
280 3661 412 3749 quidem
434 3686 471 3728 eo
493 3676 658 3752 ternpore,
683 3684 746 3751 quo
767 3684 838 3740 res,
861 3660 980 3751 dequo
1001 3663 1128 3753 agitur,

144 3763 236 3847 fiat);
276 3765 308 3829 id
346 3779 391 3831 est
421 3791 477 3832 reo
510 3768 705 3834 abscondita
735 3787 773 3831 eo
797 3789 917 3856 oraque,
950 3792 1013 3858 quo
1038 3793 1075 3835 re
1097 3780 1130 3836 ot

134 3871 235 3956 sarto
256 3873 303 3933 sit
317 3875 510 3961 patefacto.

179 4035 223 4102 (Ι)
264 4042 363 4092 Toleto
380 4041 450 4090 onirn
472 4049 511 4092 eat
533 4045 606 4110 finam
623 4042 726 4108 soom,
753 4042 895 4105 attotam,
913 4043 1047 4110 proficere,
1065 4045 1125 4113 offi-

142 4137 208 4182 roro,
231 4138 297 4189 part.
315 4125 406 4192 finiri,
425 4129 535 4189 absolvi,
556 4132 731 4179 consummari.
922 4195 925 4206 .

178 4204 222 4270 οἳ)
259 4205 307 4257 cu.
331 4217 419 4260 nostro
443 4210 509 4262 ioco.
784 4212 826 4284 (3)
864 4213 913 4266 (ὶΙΙι
936 4213 976 4264 ΧΙ.
1004 4215 1043 4266 tn.
