2958 5096
805 485 879 558 ttt

341 725 472 815 antiquo
489 737 660 812 sanctoque
682 723 828 790 valebant
847 745 916 792 usu.
938 721 1169 790 llutatioenim
1181 722 1320 792 hacreti-

343 853 403 896 one
423 831 528 895 minus
548 851 659 918 magua
674 828 867 914 ridebatur,
899 849 960 917 qua
982 851 1041 909 ca,
1071 851 1152 918 qnae
1171 829 1203 894 iu
1224 831 1320 896 veteri
1345 860 1347 864 ·

338 933 427 1001 cultu
451 933 666 1024 reliquerant,
698 935 814 1002 iterum
837 933 1015 1000 invenirent
1035 933 1068 998 in
1091 934 1193 1000 torma
1215 933 1321 1023 religi-

338 1041 407 1106 onis
430 1039 646 1120 Christianae,
670 1059 750 1129 quoe
766 1039 899 1128 religio,
922 1059 959 1103 cr
972 1037 1078 1104 indole
1094 1061 1169 1122 sus,
1192 1039 1320 1128 quidem

339 1165 419 1240 noya
440 1144 621 1235 postulabat
645 1144 782 1234 cujusvis
804 1143 952 1234 generis,
981 1156 1032 1227 at,
1065 1156 1219 1231 quatenus
1243 1165 1321 1233 pos*

336 1262 403 1331 set,
424 1247 504 1316 hace
527 1248 694 1316 exhibebat
701 1251 813 1338 juncta
830 1249 951 1314 formae
964 1247 1113 1336 autiquae
1125 1261 1157 1314 et
1170 1249 1303 1314 usitatae
1314 1295 1323 1326 ,
1393 1265 1399 1284 ·

336 1354 382 1420 tic
402 1356 508 1420 minus
532 1355 689 1422 offendens
703 1353 867 1430 homines,
892 1353 1050 1443 hujusque
1062 1354 1182 1419 formae
1196 1376 1258 1443 ope
1272 1376 1324 1418 ex·

336 1458 425 1550 plens
456 1457 621 1525 bominum
657 1459 866 1551 indigentiam
890 1481 996 1526 rerum
1019 1459 1155 1524 externis
1179 1459 1323 1549 superio·

338 1585 422 1634 rum.
470 1565 606 1632 Nomina
629 1589 705 1656 ergo
729 1566 787 1630 ista
812 1566 962 1654 antiquas
997 1575 1169 1651 μυςήριον,
1203 1569 1322 1652 perlege,

337 1675 545 1757 μαςαγωγία,
576 1677 876 1758 μαςαγωγούμεαοι,
910 1680 1060 1757 μυεῖσθαι
1074 1721 1082 1747 ,
1108 1673 1325 1757 μεμναμένοι,

337 1781 471 1864 dentem
487 1825 496 1855 ,
523 1777 628 1861 τελετὴ
647 1827 655 1854 ,
677 1781 881 1854 ἐποπτεύειν,
896 1783 1051 1853 ἐπόπται,
1074 1786 1235 1862 καθάρσια
1248 1826 1258 1856 ,
1270 1803 1327 1844 αα·

336 1887 478 1969 θαρμοι,
516 1881 722 1968 sacrficium
736 1927 746 1960 ,
779 1882 891 1945 altare
922 1893 954 1946 et
978 1901 1060 1968 quae
1082 1877 1178 1967 hujus
1201 1881 1329 1970 generis
1371 1923 1379 1938 ι

339 1987 432 2080 plura
456 1998 547 2070 sunt,
572 1985 792 2052 retinebantur
815 1983 909 2050 simul
931 2007 1003 2050 cum
1028 1984 1137 2050 formis
1161 1987 1326 2078 antiquis,

339 2091 400 2159 etsi
424 2111 539 2156 novum
564 2089 602 2154 iis
626 2088 817 2155 substituere
840 2089 956 2156 vellent
978 2111 1112 2157 sensum·

386 2197 426 2264 B.
476 2195 525 2261 nb
558 2215 620 2258 una
652 2194 748 2285 igitur
772 2208 863 2284 parto
887 2213 973 2260 sacra
996 2215 1050 2260 sue
1076 2193 1251 2262 Christiani
1276 2217 1330 2262 ae·

341 2299 544 2366 commodare
576 2299 724 2365 studuere
757 2298 930 2366 Gentilium
955 2299 1069 2380 sacris,
1101 2323 1142 2366 ne
1164 2299 1333 2366 laederent

339 2403 453 2470 horum
494 2423 632 2470 amorem
657 2427 764 2470 rerum
789 2405 1010 2494 antiquarum:
1048 2405 1088 2470 ab
1121 2405 1219 2472 altera
1257 2427 1333 2470 vero

340 2524 432 2602 porte
457 2509 568 2575 secisse
591 2507 653 2574 hoc
673 2509 806 2598 putandi
819 2523 911 2590 snut,
935 2510 977 2575 ob
989 2531 1152 2575 commune
1165 2512 1336 2576 hominm

341 2617 485 2682 studium
509 2637 620 2679 rerum
643 2617 902 2704 incognitarum.

388 2717 495 2786 Facile
538 2718 623 2783 cuim
666 2717 801 2807 quisque
835 2719 970 2785 adsentit
1004 2739 1154 2788 ctcnuottt
1184 2720 1334 2788 dicenti:

344 2823 511 2910 »Quidam
536 2822 631 2888 nimis
660 2837 808 2914 magnum
834 2825 993 2903 studium,
1028 2825 1229 2915 multamque
1255 2847 1335 2915 ope·

344 2949 410 2994 ram
445 2927 478 2994 in
511 2950 560 2994 res
584 2926 731 2992 obscuras
754 2940 849 3018 atquc
872 2928 1016 2995 difficiles
1040 2931 1230 3012 conferunt,
1268 2951 1338 2996 eas·

343 3035 480 3124 demque
510 3054 574 3098 nnn
598 3031 833 3114 necessarias;''
866 3056 958 3125 saepe
982 3035 1118 3124 quisque
1139 3034 1254 3102 videre
1276 3057 1338 3125 po·

250 3193 252 3204 ,
343 3140 428 3219 tuit,
463 3138 547 3229 quod
576 3137 670 3203 nimis
703 3137 864 3230 negligant
885 3139 978 3206 multi
1002 3165 1057 3226 ea,
1094 3152 1280 3230 quaesunt
1305 3139 1340 3204 in

345 3242 486 3308 omnium
526 3253 717 3332 conspecta,
753 3242 779 3307 si
798 3263 881 3307 *uon
921 3244 1014 3310 flocci
1048 3246 1222 3335 pendeant.
1278 3243 1340 3314 Uti

345 3347 430 3412 euim
467 3343 564 3412 homo
594 3367 720 3436 semper
754 3365 790 3412 ac
824 3347 977 3413 continno
1007 3371 1189 3440 progressus
1227 3350 1342 3416 studet

296 3457 297 3470 ¹
350 3453 452 3519 iacere
476 3452 508 3516 in
532 3452 714 3544 cognitione
733 3465 765 3518 et
783 3451 937 3542 sapientid
953 3452 1098 3543 reliqua,
1122 3457 1167 3522 sic
1182 3454 1342 3546 inprimis

346 3556 471 3645 'quaerit
485 3579 553 3636 res,
579 3576 660 3646 quae
677 3557 933 3638 obscurassunt‚
958 3559 1159 3650 incognitae,
1180 3581 1339 3627 arcanae.

349 3661 412 3728 llas
454 3661 565 3741 aride,
603 3674 672 3727 tum
704 3662 807 3752 quoad
838 3675 982 3728 naturam
1016 3677 1083 3730 tum
1116 3665 1224 3754 quoad
1266 3666 1344 3730 lor-

224 3795 226 3799 ·
345 3783 451 3844 mam,
498 3766 726 3856 contemplari,
762 3764 818 3832 has
849 3767 975 3857 penitus
1005 3789 1194 3862 cognoscere
1232 3769 1343 3860 eupit.

335 3860 504 3960 'Exemplis
548 3868 641 3960 hujus
683 3872 729 3938 rei
763 3885 854 3938 sunto
888 3871 978 3958 lites,
1021 3874 1132 3964 primis
1170 3875 1347 3941 Ecclesiae

347 3971 544 4040 Christianae
567 3975 717 4056 saeculis,
741 3977 854 4067 magni
878 3976 908 4040 vi
936 3999 973 4042 ac
999 3977 1172 4044 acerbitate
1195 3979 1348 4046 maximi

350 4078 389 4144 de
420 4079 513 4144 rebus
545 4079 694 4144 abstrusis
730 4103 767 4144 ac
798 4080 968 4146 reconditis
999 4097 1110 4164 actae,
1152 4081 1267 4149 miuus
1307 4084 1350 4148 de

352 4183 414 4246 vitd
455 4181 575 4271 agenda
607 4203 679 4264 vere
711 4180 908 4266 Christianit3
950 4198 983 4252 et
1014 4185 1132 4276 cupido
1167 4184 1353 4256 homiuum
