2938 5080
654 479 700 554 15

183 713 278 808 totus
299 717 360 786 riri
382 714 474 782 aride
500 713 715 796 desiderasse,
741 713 840 782 immo
862 725 894 780 et
917 713 1090 783 certissime
1111 736 1168 782 er·

183 837 349 917 spectasse.
398 823 475 888 Erat
495 821 580 888 enirn
601 820 743 888 conditio
762 818 873 910 popuii
898 821 1076 909 saepissime
1098 820 1166 886 mi·

55 957 69 997 ι
180 930 310 996 terrimo
334 942 366 996 et
387 925 538 994 continno
559 925 591 992 in
604 924 744 992 deterius
756 947 906 1014 vergens,
930 948 1027 1014 quum
1047 926 1165 1015 praeda

179 1033 272 1102 floret
303 1035 521 1121 eujusounqoe
555 1031 622 1096 fere
642 1030 800 1098 exereitus
823 1032 1008 1120 peregrini,
1033 1030 1165 1099 calami·

178 1139 363 1227 tatibnaque
391 1137 522 1202 internis
554 1134 662 1200 moitis
684 1149 903 1226 premeretnr;
930 1149 1027 1202 -et
1048 1135 1165 1204 velsie

179 1255 287 1314 tunso
311 1241 483 1308 certissime
506 1239 654 1306 cultiores
676 1240 785 1330 piique
808 1240 854 1306 illi
873 1242 1165 1332 confidebantpro·

178 1347 281 1414 missis
317 1370 334 1412 a
370 1347 438 1414 lteo
462 1347 528 1433 jam
564 1341 744 1410 Abrahamo
778 1345 879 1427 datis,
917 1371 949 1412 se
980 1370 1038 1436 per
1067 1346 1164 1436 ipsius

179 1453 302 1541 prolem
338 1451 487 1518 erunibus
522 1449 606 1514 orbis
645 1462 802 1516 terrarum
832 1452 978 1540 gentibus
1008 1451 1163 1524 beneficia

180 1558 290 1627 eximia
310 1579 376 1624 esse
399 1556 633 1646 praebiturum.
682 1557 784 1640 Quare
805 1556 854 1622 vel
874 1557 939 1646 ipsa
958 1555 1068 1646 populi
1086 1579 1165 1627 oen-

180 1662 300 1731 ditione
334 1662 510 1730 miserrima
541 1660 653 1726 intime
683 1644 833 1728 eomrnoti
860 1662 980 1726 aridius
1002 1672 1163 1750 exspecta·

180 1768 257 1836 bant
287 1766 370 1834 illins
398 1765 458 1832 riri
493 1750 662 1832 desiderati
684 1767 867 1835 adrentum.
887 1803 931 1818 -—
955 1767 1040 1854 Ergo
1061 1785 1163 1853 quum

181 1893 268 1951 ren,
288 1894 382 1960 quarn
402 1870 511 1938 ridere
530 1884 627 1960 atque
649 1871 760 1937 audire
768 1871 965 1960 gestiebant,
980 1884 1086 1938 temen
1098 1891 1162 1937 non

179 1975 323 2047 riderent
355 1977 586 2065 audirentque,
616 1999 652 2042 er
682 1977 759 2043 desu
789 1989 895 2046 mente
925 1998 977 2044 res
996 1974 1162 2047 haee'tuit

176 2079 215 2146 dds
239 2091 417 2164 μυστήριον.

186 2215 196 2226 ,.
226 2183 405 2251 Videndum
433 2196 551 2265 restet,
581 2206 639 2250 our
666 2183 794 2254 desierit
817 2183 1065 2275 essediseipulis
1088 2205 1162 2252 eae·

180 2287 319 2376 terisque
349 2300 526 2374 proreptus.
573 2290 618 2356 Er
651 2291 796 2380 opposito
815 2313 948 2370 eorum,
976 2313 1058 2380 quse
1079 2289 1164 2356 ridi·

178 2415 268 2473 naus,
299 2394 460 2484 responsio
490 2417 556 2460 sese
587 2395 691 2462 statim
728 2397 842 2476 offert,
875 2419 990 2486 nempe
1021 2419 1092 2462 eam
1118 2394 1162 2464 ob

178 2519 319 2578 causans,
338 2499 429 2588 qnod
450 2499 593 2581 riderent
614 2512 645 2566 et
667 2499 813 2566 audirent
830 2499 978 2590 discipuli
996 2522 1053 2582 ea,
1076 2521 1158 2589 quae

177 2601 283 2674 ridere
299 2615 332 2670 et
351 2605 462 2670 audire
480 2605 595 2672 frustra
618 2603 872 2670 desideraverant
891 2605 1026 2693 antiqui.
1054 2605 1164 2670 »Vesm

174 2707 217 2776 tri
237 2707 367 2787 anirn,''
392 2709 437 2800 ait
456 2708 547 2776 Jesus
569 2708 664 2798 ipsis,
690 2709 807 2776 »beati
831 2707 937 2788 oouli,
960 2709 1045 2798 quod
1068 2708 1157 2776 ride-

172 2824 246 2890 ant‚
278 2834 433 2900 auresque
453 2813 539 2901 quod
559 2813 688 2880 audiant
700 2863 709 2893 ,
741 2835 799 2894 ea,
820 2835 902 2903 quae
923 2812 970 2880 iili
994 2813 1102 2883 ridere
1124 2825 1157 2880 et

171 2916 284 2987 sardine
316 2939 378 2982 non
409 2919 618 3004 potnerunt.’'
666 2917 875 3006 Quiaigitur
895 2919 953 2990 ¹rir
983 2917 1036 2984 itte
1068 2916 1161 2984 aride

169 3033 369 3111 exspectatos
396 3041 433 3086 ao
453 3021 646 3088 desideratus
667 3023 735 3109 jam
757 3021 878 3088 adesset
898 3033 940 3092 et'
957 3043 1087 3110 regnum
1112 3021 1157 3088 it-

168 3127 228 3196 iud
249 3124 382 3194 fundare
402 3125 590 3218 incepisset,
614 3125 686 3194 ideo
706 3147 837 3214 regnum
855 3124 917 3192 hoo
934 3126 972 3192 iis
989 3139 1158 3214 perscriptos

168 3255 237 3302 non
270 3229 403 3321 amplius
440 3244 519 3302 erat.
566 3231 767 3301 Fruebantut
791 3253 866 3320 erqo
886 3231 1040 3306 felicitate
1060 3232 1158 3302 disei-

168 3335 242 3431 padi
274 3337 454 3425 caeterique
484 3335 557 3425 iila,
587 3359 651 3426 qua
673 3336 767 3425 hujus
787 3337 877 3425 regni
899 3337 1069 3426 participes
1089 3338 1159 3408 drui

168 3454 340 3536 poterant,
367 3442 497 3531 jamque
518 3455 608 3508 erant
633 3443 710 3510 sooii
732 3441 817 3508 iliius
840 3442 1090 3530 conjunctionis,
1119 3461 1158 3510 ax

169 3569 236 3640 qua
258 3567 355 3612 unum
381 3545 531 3612 excidisse
555 3544 757 3614 vehementer
772 3559 879 3636 postea
892 3545 994 3614 doluit
1009 3547 1157 3616 serrator

169 3652 330 3740 optimos,
360 3651 448 3739 regni
472 3665 593 3720 sartor.
639 3653 718 3720 Ideo
737 3665 769 3718 et
792 3652 845 3720 hie
870 3649 1065 3736 Pharisaeis,
1081 3653 1156 3744 'ipsi

169 3756 306 3824 iiiedere
335 3756 523 3824 sonantibus
555 3757 697 3849 adeoque
722 3757 929 3848 rogantibus,
955 3757 1158 3847 quandonam

171 3919 291 3997 ir-re
313 3945 376 3997 nuc.
402 3943 491 3996 xxiv.
522 3945 565 3996 ιι.
593 3946 653 3998 sss.
673 3945 695 3996 r.
717 3946 744 3998 s.
781 3944 854 3999 arras
871 3953 961 3998 susem
979 3951 1007 3997 ss
1027 3943 1103 3998 ruere
1122 3941 1157 4014 a,

169 4025 224 4080 hoe
249 4036 368 4100 tempore
394 4046 425 4082 ae
452 4029 508 4082 viro
528 4029 692 4094 sententiaa,
723 4029 762 4081 uti
783 4023 879 4100 piobat
899 4031 961 4082 Luo.
986 4031 1019 4082 ΙΙ.
1041 4027 1156 4083 ts-st.

169 4111 235 4171 ton.
253 4114 274 4166 Ι.
297 4114 349 4179 29,
370 4117 447 4186 onjns
467 4117 504 4168 rei
526 4131 603 4172 sarisa
619 4131 671 4168 non
693 4122 848 4184 potestesse
870 4131 923 4172 oon
942 4115 993 4168 sits
1013 4113 1041 4168 in
1061 4113 1157 4186 sinqu-
1280 4121 1285 4132 '

171 4199 260 4252 torum
279 4197 419 4254 homiuum
435 4199 558 4271 ingenio,
575 4201 672 4270 onitu,
692 4199 797 4266 indole,
815 4198 952 4268 moribus,
972 4204 1041 4254 east·
