2958 5096
609 481 678 556 129

200 715 313 804 Primis
332 726 436 784 eatena
454 707 520 808 jain
543 719 737 810 temporibus
755 717 834 786 haec
861 719 1005 786 doctrina
1027 720 1133 788 conti·

159 842 233 888 nere
261 822 325 888 aisa
358 835 404 889 est
433 823 565 890 obscura
596 824 770 914 quaedam,
801 826 853 892 cui
882 837 915 892 et
943 847 992 894 ree
1015 825 1081 916 ipea
1100 833 1134 894 'et
1190 853 1198 858 ·

159 923 374 994 Conciliorurn
400 927 598 996 definitiones
622 951 728 995 eneam
750 911 917 998 dederunt.
965 931 1026 1014 Res
1043 931 1148 998 enirn

158 1029 245 1122 ipen,
281 1032 415 1099 duarum
445 1018 630 1100 natnrdrnm
664 1035 697 1100 in
730 1056 792 1100 nna
826 1035 1007 1123 conjunctio
1041 1034 1134 1116 talis,
1223 1031 1224 1036 ’

158 1157 219 1225 qne
251 1159 314 1202 non
345 1137 425 1204 dnae
454 1135 514 1204 hae
542 1151 675 1204 naturae
694 1137 928 1205 confundantur
946 1161 1051 1228 neque
1070 1138 1137 1204 ina-

156 1240 368 1323 misceantur,
398 1241 638 1332 inseparabilis,
668 1239 807 1308 humano
832 1241 959 1331 ingenio
983 1242 1137 1333 capienda

157 1367 220 1412 aon
254 1357 321 1430 cet,
351 1346 416 1414 imo
443 1347 637 1437 experientii
671 1368 735 1414 non
762 1347 935 1436 praebente
965 1344 1060 1436 hujus
1091 1349 1137 1434 rei

155 1448 297 1540 exempla
346 1473 475 1541 prorsus
511 1451 682 1542 incognite.
744 1450 861 1518 Ansam
899 1464 1003 1518 autem
1039 1451 1136 1518 etiem

153 1553 242 1620 dedit
267 1555 371 1637 ratio,
394 1579 455 1647 qua
483 1555 625 1623 Concilio
646 1578 713 1622 rem
738 1555 953 1638 definiebant;
984 1578 1058 1622 nam
1076 1556 1132 1622 di-

154 1658 245 1726 vinae
261 1673 413 1742 naturae,
436 1663 625 1752 praestantis
646 1659 752 1743 illiue,
774 1660 1034 1750 independentis,
1055 1683 1135 1752 per-

153 1765 236 1830 fecte
272 1765 443 1855 sepientis,
483 1766 729 1857 omnipotentie,
763 1764 932 1832 benevolae
952 1769 1017 1850 (lt,
1054 1777 1135 1834 ceet.

155 1870 336 1957 conjunctio
367 1893 439 1937 curn
467 1870 627 1956 hnmana,
658 1870 858 1962 dependente
886 1868 939 1936 illa
962 1893 999 1936 ac
1021 1894 1038 1936 a
1062 1893 1136 1960 pcr-

154 1971 293 2040 iectione
315 1974 421 2042 divini
442 1989 478 2042 ut
502 1975 625 2042 coelum
650 1998 666 2040 a
690 1987 773 2040 terra
795 1973 954 2058 distante,
976 1975 1040 2040 non
1063 1973 1137 2062 qai·
1169 1990 1172 1996 ’

155 2077 226 2144 dem
248 2100 363 2168 genere
383 2093 415 2148 at
435 2067 535 2170 firadu
546 2127 556 2160 ,
579 2100 641 2145 non
658 2077 810 2160 cotidie,
834 2100 917 2168 quae
929 2078 971 2146 eit
983 2078 1135 2168 capienda

155 2204 193 2247 ac
214 2181 419 2272 intelligenda
442 2182 596 2252 humanae
618 2181 754 2250 rationi.=

200 2287 365 2354 Praeterea
390 2302 423 2356 et
446 2289 514 2380 ipee
529 2287 624 2378 hujus
640 2286 996 2382 conjunctioniepmodue
1008 2309 1136 2378 prorsas

153 2387 297 2458 homines
318 2392 417 2460 latere
434 2392 587 2462 dicendus
599 2403 656 2459 eet.
693 2392 764 2481 ipsa
785 2391 870 2456 enim
883 2388 1047 2456 hominum
1061 2390 1133 2456 rul-

153 2493 277 2584 gariurn
300 2519 398 2586 quum
413 2500 480 2587 jam
500 2495 693 2564 obscurarit
716 2517 754 2560 ac
778 2495 900 2560 ratione
921 2491 1058 2560 humani
1071 2517 1134 2562 non

153 2600 389 2692 pervestiganda
401 2602 629 2692 procreatione
642 2599 752 2690 oripo,
770 2597 861 2689 longe
871 2591 970 2689 inagis
986 2598 1040 2666 iila
1051 2601 1135 2668 nati·

154 2703 234 2770 ritae
257 2727 310 2772 sen
334 2706 422 2796 oripo
442 2707 519 2774 Jesu
530 2756 540 2788 ,
562 2729 643 2797 qnae
661 2707 866 2772 constitueret
879 2706 1134 2794 conjunctionem

154 2808 264 2890 illam3
285 2833 348 2876 non
365 2813 471 2902 potuit
490 2811 583 2892 fieri,
604 2812 680 2900 quin
697 2807 840 2875 homines
851 2809 963 2876 leteret
977 2822 1010 2876 ct
1021 2811 1134 2876 etiam·

155 2935 231 2980 nurn
248 2914 356 2985 lateat.
402 2916 567 2983 Insoliturn
584 2915 662 3005 quid
679 2935 717 2980 ac
732 2937 859 3004 prorsus
877 2913 1054 2980 inauditnm
1073 2915 1135 2982 fuit

155 3018 211 3084 illa
232 3021 351 3088 Mariae
373 3020 563 3112 conceptio,
585 3041 646 3110 qna
664 3041 727 3086 non
741 3019 824 3108 patri
837 3017 977 3092 humano
991 3019 1044 3086 sed
1060 3019 1134 3110 Spi·

74 3189 108 3210 ·.„
154 3123 231 3190 ritui
250 3125 283 3192 S.
306 3125 393 3216 origo
412 3127 490 3194 Jeeu
511 3139 558 3192 est
577 3123 796 3193 adscribenda.
827 3124 921 3190 Hune
945 3123 1084 3213 denique
1106 3125 1131 3190 si
1202 3121 1205 3126 ’

154 3241 353 3320 spectemus,
382 3231 438 3320 qui
467 3228 562 3297 homo
581 3241 672 3296 natue
694 3240 761 3309 eet,
795 3226 894 3294 multa
916 3240 1046 3295 manent
1068 3227 1133 3294 hu-

155 3335 248 3400 rnani
270 3335 393 3402 ratione
412 3357 475 3400 non
496 3333 698 3426 explicanda,
723 3332 882 3424 quomodo
903 3358 933 3402 v.
959 3356 988 3402 e.
1008 3333 1056 3414 ie,
1077 3334 1134 3423 qui

155 3447 173 3508 o‘
206 3440 298 3521 λόγος
319 3439 359 3525 ἦν
379 3445 413 3508 c'r
435 3443 534 3530 ἀρχῇ,
566 3438 636 3523 rel,
667 3449 704 3504 ut
721 3439 788 3528 ipse
808 3437 848 3504 de
872 3437 1024 3506 sedicit:
1057 3445 1132 3524 πρὶν

156 3547 313 3634 Ἀβραὰμ
335 3547 505 3628 γενέσθαι,
537 3547 598 3627 ἐγὼ
619 3551 680 3631 εἶμι
692 3593 702 3626 ,
727 3543 831 3610 denno
852 3542 956 3609 virere
977 3542 1134 3632 inciperet

151 3671 248 3714 carne
262 3647 404 3715 ‚hnmani
422 3649 568 3733 indutas,
589 3647 753 3716 hominurn
774 3647 914 3713 omnium
934 3649 1032 3714 instar
1051 3671 1131 3738 pro-

155 3753 361 3844 grederetur,
392 3766 457 3822 tam
479 3754 585 3845 quoad
610 3743 724 3852 conpos
739 3795 759 3834 ‚·
778 3765 843 3820 tam
865 3751 969 3844 quoad
993 3752 1133 3820 animum

190 4103 232 4176 (l)
269 4105 360 4178 symb.
390 4109 461 4162 enim
493 4109 635 4166 iiieaennna
664 4107 754 4162 Jeonrn
786 4107 921 4162 Cirriatona
950 4111 1025 4160 vocat
1057 4106 1131 4160 θεὸν

152 4195 306 4263 ἀληθινὸν.

848 4285 867 4345 9
