2958 5096
336 787 415 850 aiae
443 781 789 876 impmeatigobrleal
840 777 925 870 Quia
949 785 1035 848 emm
1056 783 1209 875 coguovit
1228 800 1323 848 aren·

337 899 400 954 tem
416 888 555 954 Domini
566 887 617 954 ‚W
641 909 712 976 sqq.
724 887 787 975 (1).

378 993 418 1061 Ε.
464 991 659 1061 satisfactio.
1212 1040 1217 1048 .

380 1097 449 1163 llac
484 1097 524 1162 de
556 1119 591 1162 re
624 1095 724 1162 solum
756 1095 877 1162 referre
898 1115 1084 1186 possumus,
1120 1115 1201 1184 qnae
1223 1095 1322 1163 docet

333 1221 578 1271 inundemus:
606 1203 666 1268 ol
690 1201 782 1267 nobis
798 1223 894 1282 vero,
918 1223 1110 1292 quamquam
1122 1199 1247 1290 plenior
1259 1198 1322 1266 hu·

329 1307 384 1394 jus
415 1307 463 1371 rei
493 1307 608 1374 notitia
630 1305 715 1372 vitre
737 1304 865 1372 demum
887 1306 1015 1372 futurae
1036 1318 1192 1370 reservata
1214 1304 1321 1371 ridea-

334 1424 387 1477 tnr
399 1459 409 1492 ,
433 1409 560 1502 aliquae
582 1424 687 1478 tamen
710 1407 806 1499 hujus
827 1410 972 1498 mysterii
994 1409 1131 1476 rationes
1153 1409 1244 1499 quasi
1262 1431 1321 1500 per

309 1527 539 1582 ‘mamennam
563 1512 705 1604 conspici
727 1528 857 1606 possunt
868 1522 890 1552 ’⁹
900 1514 963 1602 (2).

784 1697 803 1788 ς
834 1701 892 1767 aa.

379 1827 598 1902 anmnrmr
620 1841 653 1896 et
676 1845 870 1896 nummcuu
890 1825 946 1894 hle
968 1829 1137 1918 separatim
1160 1849 1321 1918 apponere

333 1931 425 2000 lubet
456 1935 652 2015 sententias,
685 1955 784 2025 mum
814 1947 950 2022 uterque
972 1933 1126 2000 exhibeat
1141 1933 1320 2023 generalem

334 2037 486 2125 mysteria
516 2039 549 2103 in
576 2038 731 2129 religione
754 2035 933 2105 Christiana
958 2036 1195 2127 contemplandi
1218 2038 1321 2104 ratio-

335 2164 434 2224 nem,
466 2164 549 2232 quae
568 2143 642 2209 idco
664 2141 760 2209 facile
782 2140 822 2207 ad
845 2141 951 2206 omnia
975 2165 1057 2231 quae
1079 2144 1230 2229 mysteria
1253 2163 1320 2208 csse

335 2243 498 2336 intelligat
508 2230 642 2337 uterque
651 2261 684 2314 et
696 2245 791 2312 multi
804 2267 877 2310 cum
889 2245 938 2312 his
948 2247 1023 2328 alii,
1038 2246 1194 2337 applicari
1205 2259 1320 2338 potest.

383 2352 476 2418 Prior
513 2350 592 2420 haec
630 2353 729 2420 dicit:
789 2350 855 2418 »si
896 2373 979 2440 qnae
1022 2353 1157 2419 notitiae
1189 2347 1321 2432 rerum,

338 2479 473 2547 quarum
490 2457 602 2524 modus
625 2458 657 2522 in
682 2455 926 2546 intelligentiam
947 2453 1118 2522 humanam
1141 2456 1322 2538 nouendit,

338 2559 424 2626 clare
445 2559 622 2638 docentur,
642 2566 806 2647 mysteria
817 2607 827 2625 .
840 2607 895 2628 ...
925 2560 1094 2626 dicimus’'
1106 2561 1168 2649 (3).

385 2664 494 2732 llter:
544 2665 715 2731 »Tandem
739 2664 890 2730 differunt
909 2687 1037 2754 quoque
1058 2666 1184 2732 articuli
1208 2665 1324 2756 religi·

337 2769 406 2835 onis
428 2767 579 2835 divinitus
605 2769 806 2860 patefactae,
829 2769 951 2835 ratione
973 2768 1082 2836 habita
1105 2772 1321 2863 perspicuita-

336 2875 397 2944 tis:
423 2887 496 2940 suot
515 2875 599 2941 enim
611 2871 711 2964 aliqui
721 2887 786 2941 tam
799 2873 877 2941 clari
893 2885 989 2964 atque
998 2876 1179 2957 evidentes,
1202 2887 1238 2942 nt
1253 2877 1323 2966 ipsa

337 2983 434 3048 etiam
467 2981 549 3046 ratio
578 2978 739 3062 humana,
770 2980 832 3046 sibi
858 2979 992 3060 relicta,
1018 3003 1070 3046 eos
1090 2980 1239 3070 detegere
1263 3001 1324 3072 po-

338 3088 473 3166 tuisset,
505 3107 536 3153 a.
561 3107 591 3152 c.
602 3108 617 3151 ·.
633 3133 642 3150 .
656 3109 734 3167 ...;
767 3083 868 3172 aliqui
890 3097 994 3150 autem
1012 3085 1095 3150 ‘tales
1115 3098 1212 3167 sunt,
1242 3107 1323 3175 quos

337 3191 443 3274 ratio,
470 3189 533 3254 suis
552 3210 606 3253 usa
629 3188 771 3273 viribus,
795 3209 968 3278 numquam
993 3192 1134 3280 reperire
1145 3192 1324 3282 potuisset,

340 3296 397 3385 qni
417 3299 651 3383 mysteriorum
673 3295 802 3362 nomine
820 3293 973 3383 appellari
999 3295 1135 3362 solent.'’

386 3401 465 3467 »Ex
491 3421 550 3464 usu
579 3397 701 3465 scili'cet
722 3399 808 3466 vocis
829 3403 978 3488 μυςηρίου
999 3401 1031 3466 iu
1059 3401 1100 3470 N.
1128 3403 1165 3470 F.
1189 3419 1326 3491 genera-

339 3505 398 3571 tim
420 3505 584 3592 mysterio
606 3502 812 3592 appellandae
834 3515 906 3569 sunt
929 3503 1006 3570 tales
1026 3505 1210 3587 doctrinae,
1244 3526 1326 3595 quas

339 3608 421 3676 ratio
439 3606 599 3689 humana,
629 3608 690 3674 sibi
715 3607 850 3690 relicta,
880 3631 1054 3699 numquam
1077 3611 1225 3702 detegere
1243 3631 1329 3700 pos-

291 3769 296 3800 ,
339 3727 407 3794 set,
437 3735 547 3778 verum
573 3711 613 3779 de
636 3713 750 3803 quibus
772 3735 831 3803 par
853 3711 950 3778 solam
977 3717 1069 3781 nohis
1089 3729 1232 3782 constare
1257 3737 1330 3805 po-

339 3830 401 3887 test
423 3817 667 3907 patefactionem
690 3817 851 3900 divinam3
875 3816 989 3884 harum
1009 3841 1084 3885 vero
1105 3819 1331 3888 doctrinarum

340 3922 457 4014 duplex
481 3921 662 3988 enumerari
682 3934 787 4014 potest
805 3922 947 4014 species;
969 3922 1019 3990 rel
1039 3923 1126 3990 euim
1138 3923 1213 3990 tales
1227 3937 1331 4008 sunt,

340 4091 454 4110 -

377 4169 419 4243 (l)
453 4168 749 4240 Cap.l.cnn.llVlll.
928 4171 972 4244 (2)
1009 4171 1050 4227 Cl-
1068 4173 1141 4228 locus
1159 4174 1179 4230 l.
1198 4173 1345 4236 insta.

379 4253 420 4324 (8)
456 4254 544 4308 lastis.
565 4254 785 4312 rs.ca.1.tl.
