2958 5096
638 491 706 564 123

176 723 295 814 quales.
362 726 510 792 Doctrina
552 749 671 817 porro,
717 749 814 796 unum
859 751 924 798 ease
965 731 1090 811 Deum,
1129 731 1163 796 in

178 830 269 917 cujus
301 828 474 896 substantia
505 843 568 898 tres
587 845 674 910 ¹sunt
708 853 880 922 personae,
913 835 963 900 rix
992 836 1085 904 solvit
1106 835 1165 902 ob-

171 934 375 1022 jectionem,
409 933 466 1002 has
497 950 560 1007 tres
593 961 762 1028 personas,
794 961 929 1029 quarum
963 964 1107 1033 quaeque
1131 921 1170 1008 et¹

179 1038 264 1106 lleua
287 1051 355 1119 est,
392 1052 455 1106 tres
491 1041 560 1113 lieri
584 1043 675 1108 Deos.
723 1045 891 1110 Personam
916 1046 1003 1112 enim
1026 1044 1166 1112 humano

177 1165 266 1210 more
291 1142 495 1234 intelligimus
518 1146 572 1226 id,
603 1146 687 1236 quod
710 1170 767 1237 per
790 1171 822 1216 se
845 1161 969 1230 exstat,
1007 1173 1070 1216 non
1093 1172 1165 1240 pars

178 1271 282 1338 raeque
315 1251 462 1318 accidens
493 1265 541 1318 eat
574 1250 653 1318 alius
691 1253 880 1340 cujusdam,
916 1267 948 1322 et
980 1255 1165 1344 cogitandi,

177 1354 359 1435 sentiendi,
390 1355 580 1445 nolendique
607 1356 757 1424 facultate
791 1371 837 1423 est
855 1359 1048 1448 praeditum.
1096 1361 1166 1426 Iloc

178 1481 254 1526 vero
280 1459 305 1524 si
326 1458 365 1524 ad
387 1459 499 1550 dogma
525 1461 689 1528 Trinitatis
712 1462 932 1552 applicemus,
966 1464 1096 1531 difficile
1120 1476 1167 1530 est

179 1563 345 1653 scopulum
380 1564 560 1632 'fritheismi
594 1567 736 1648 evitare,
775 1567 859 1656 quod
894 1587 1067 1636 rnrnornrtr
1088 1568 1167 1634 alio·

179 1690 315 1760 rumque
341 1670 546 1761 exemplam
570 1672 698 1741 docent.
747 1673 861 1738 Variae
883 1672 1014 1762 quidem
1038 1665 1166 1763 excogil

177 1787 262 1844 urae
283 1797 321 1842 ac
343 1775 485 1865 prolatae
508 1789 580 1844 sunt
602 1777 796 1858 sententiaa,
818 1799 901 1866 quae
924 1776 1071 1844 tollerent
1083 1776 1167 1844 hanc

179 1879 391 1968 objectionem
423 1893 456 1946 et
480 1881 635 1950 evitarent
656 1881 857 1972 periculum3
896 1895 930 1948 at
953 1903 1016 1948 non
1039 1882 1168 1976 obstan-

179 1984 266 2050 tibus
296 1985 515 2052 conaminibus
543 1988 672 2054 Patrum
694 1987 927 2070 Nicaenorum,
963 1983 1025 2058 hoo
1051 1986 1168 2077 dogma

178 2090 463 2172 constituentium,
492 2104 674 2158 manserunt
696 2091 897 2162 difficultates
920 2113 1112 2181 permagnae
1133 2103 1167 2156 et

177 2195 379 2285 permultae,
412 2210 449 2263 ut
478 2197 626 2287 frequens
654 2195 871 2264 Consiliorum
894 2197 1099 2275 convocatio,
1133 2209 1167 2264 et

175 2323 292 2390 magna
320 2314 477 2368 sectarum
500 2303 614 2392 eopia,
649 2302 689 2368 de
721 2301 874 2368 relatione
896 2310 951 2370 τοῦ
975 2303 1073 2384 λόγου
1093 2323 1167 2366 cum

180 2406 294 2489 Patre,
328 2418 361 2472 et
393 2405 436 2472 de
469 2407 590 2496 Spiritu
626 2406 658 2473 S.
688 2405 903 2495 litigantium,
937 2405 1066 2472 abunde
1092 2427 1168 2495 pro·

184 2511 261 2578 bant
274 2511 336 2598 (2).

223 2615 360 2682 Eualem
382 2617 541 2682 rero‘eite
563 2615 716 2705 ejusmodi
744 2614 947 2682 difficultates
973 2616 1105 2682 munisse
1123 2613 1171 2680 ri·

182 2721 299 2786 deutur
331 2721 456 2810 antiqui
489 2722 765 2818 recentioresque,
799 2719 855 2810 qui
886 2744 956 2788 eam
976 2723 1020 2787 ob
1041 2742 1167 2788 causam

183 2825 332 2892 nolebant
351 2828 531 2894 accuratius
554 2825 636 2893 hanc
656 2827 688 2892 in
713 2848 780 2890 rem
803 2825 945 2914 inquiri,
967 2823 1169 2915 quiahunw

183 2953 261 2996 nom
292 2931 453 3020 ingenium
491 2932 704 3020 imperasset
728 2929 769 2996 de
793 2931 888 2996 rehus
908 2928 1027 2995 talibus
1049 2929 1168 2995 certius

182 3036 266 3105 fieri.
313 3036 426 3102 Primis
459 3036 544 3102 enim
570 3039 637 3125 jam
665 3033 758 3122 hujus
786 3034 967 3100 certaminis
995 3035 1083 3100 annis
1106 3053 1166 3099 arr-

183 3159 315 3208 eunoun
356 3163 505 3229 sequaces
546 3139 717 3206 defendere
758 3139 955 3204 conabantur
994 3135 1166 3228 coryphaei

182 3245 389 3327 sententiam,
414 3244 570 3334 Spiritum
589 3243 621 3312 S.
644 3265 711 3310 esse
730 3246 868 3330 κτίσμα,
891 3242 953 3308 hoc
966 3242 1168 3312 dilemmate:

188 3350 252 3418 »Si
286 3349 423 3439 Spiritus
449 3351 481 3418 S.
511 3363 590 3416 esset
623 3350 726 3432 Deus,
763 3371 887 3414 neccsse
918 3371 982 3414 esse
1007 3371 1080 3413 eum
1106 3371 1171 3413 esse

183 3453 451 3546 generatum'grel
474 3467 760 3543 congeneratum:
796 3456 821 3519 si
845 3465 951 3519 autem
978 3465 1057 3517 esset
1079 3475 1174 3540 gene·

186 3572 273 3625 ratus
282 3608 295 3640 ,
318 3581 444 3626 neeesse
466 3583 531 3626 esse
552 3583 624 3626 oum
646 3584 710 3626 esse
733 3572 917 3648 generatum
938 3571 992 3622 aut
1014 3581 1032 3620 a
1057 3558 1170 3638 Patre,

186 3677 241 3730 aut
274 3688 290 3728 a
327 3665 426 3734 uilio:
460 3666 628 3754 adeoque,
664 3689 680 3729 a
714 3667 806 3730 Patre
834 3664 859 3728 si
881 3674 961 3728 esset
984 3675 1173 3751 generatus,

192 3977 197 3986 .
222 3941 260 4010 (1.)
294 3939 335 3992 Cf·
354 3955 472 4005 marim,
491 3941 510 3993 l.
530 3941 549 3993 l·
566 3942 601 3994 ll.
623 3941 676 3994 tto
693 3939 728 3992 ff·

226 4039 266 4109 (2)
301 4039 378 4092 l’iura
405 4037 558 4110 hujusmodi
575 4054 739 4108 exposuere:
775 4039 948 4101 Damnum,
979 4037 1085 4090 Omne.
1106 4036 1177 4087 Rati·

183 4123 445 4194 ,rm-mamma,
464 4125 508 4178 Vl.
527 4123 580 4178 'flas
599 4141 621 4178 s.
644 4122 749 4178 wlff.
769 4121 1178 4188 commensurationem,

191 4205 290 4262 donat.
310 4213 352 4262 dar
375 4209 514 4280 Dogmots'ls.
530 4209 553 4261 l.
573 4209 635 4262 tot.
651 4206 697 4260 ed·
714 4209 769 4261 frua.
