<?xml version="1.0" encoding="UTF-8"?>
<!DOCTYPE html PUBLIC "-//W3C//DTD XHTML 1.0 Transitional//EN"
    "http://www.w3.org/TR/xhtml1/DTD/xhtml1-transitional.dtd">
<html xmlns="http://www.w3.org/1999/xhtml" xml:lang="en" lang="en">
 <head>
  <title>
</title>
<meta http-equiv="Content-Type" content="text/html;charset=utf-8" />
  <meta name='ocr-system' content='tesseract 3.04.00' />
  <meta name='ocr-capabilities' content='ocr_page ocr_carea ocr_par ocr_line ocrx_word'/>
</head>
<body>
  <div class='ocr_page' id='page_1' title='image "./demysteriisinre00boelgoog_0158.png"; bbox 0 0 2958 5096; ppageno 0'>
   <div class='ocr_carea' id='block_1_1' title="bbox 515 487 675 593">
    <p class='ocr_par' dir='ltr' id='par_1_1' title="bbox 515 487 675 593">
     <span class='ocr_line' id='line_1_1' title="bbox 515 487 675 593; baseline 0.006 -1"><span class='ocrx_word' id='word_1_1' title='bbox 515 487 529 503; x_wconf 73' lang='grc'><strong>“</strong></span> <span class='ocrx_word' id='word_1_2' title='bbox 607 522 675 593; x_wconf 76' lang='lat' dir='ltr'><strong>nr</strong></span> 
     </span>
    </p>
   </div>
   <div class='ocr_carea' id='block_1_2' title="bbox 95 753 1156 2944">
    <p class='ocr_par' dir='ltr' id='par_1_2' title="bbox 147 753 1132 1142">
     <span class='ocr_line' id='line_1_2' title="bbox 147 753 1130 848; baseline -0.007 -21"><span class='ocrx_word' id='word_1_3' title='bbox 147 759 383 848; x_wconf 60' lang='lat' dir='ltr'><strong>subjeetum),</strong></span> <span class='ocrx_word' id='word_1_4' title='bbox 406 779 443 823; x_wconf 88' lang='lat' dir='ltr'><strong>ac</strong></span> <span class='ocrx_word' id='word_1_5' title='bbox 466 757 628 846; x_wconf 84' lang='lat' dir='ltr'><strong>quomodo</strong></span> <span class='ocrx_word' id='word_1_6' title='bbox 650 759 742 825; x_wconf 82' lang='lat' dir='ltr'><strong>Jesns</strong></span> <span class='ocrx_word' id='word_1_7' title='bbox 766 755 910 826; x_wconf 75' lang='lat' dir='ltr'><strong>Christus</strong></span> <span class='ocrx_word' id='word_1_8' title='bbox 932 779 949 824; x_wconf 82' lang='lat' dir='ltr'><strong>a</strong></span> <span class='ocrx_word' id='word_1_9' title='bbox 973 753 1130 822; x_wconf 68' lang='lat' dir='ltr'><strong>Deo&#39;dari</strong></span> 
     </span>
     <span class='ocr_line' id='line_1_3' title="bbox 148 859 1128 958; baseline -0.003 -27"><span class='ocrx_word' id='word_1_10' title='bbox 148 867 246 958; x_wconf 79' lang='lat' dir='ltr'>possit</span> <span class='ocrx_word' id='word_1_11' title='bbox 270 861 351 930; x_wconf 84' lang='lat' dir='ltr'><strong>huic</strong></span> <span class='ocrx_word' id='word_1_12' title='bbox 373 864 508 950; x_wconf 73' lang='grc' dir='ltr'><strong>λύτρον,</strong></span> <span class='ocrx_word' id='word_1_13' title='bbox 541 877 578 930; x_wconf 89' lang='lat' dir='ltr'><strong>ut</strong></span> <span class='ocrx_word' id='word_1_14' title='bbox 599 862 662 929; x_wconf 85' lang='lat' dir='ltr'><strong>hac</strong></span> <span class='ocrx_word' id='word_1_15' title='bbox 685 864 808 930; x_wconf 87' lang='lat' dir='ltr'><strong>ratione</strong></span> <span class='ocrx_word' id='word_1_16' title='bbox 829 862 1042 928; x_wconf 70' lang='lat' dir='ltr'><strong>liberarentur</strong></span> <span class='ocrx_word' id='word_1_17' title='bbox 1064 859 1128 928; x_wconf 86' lang='lat' dir='ltr'><strong>ho·</strong></span> 
     </span>
     <span class='ocr_line' id='line_1_4' title="bbox 149 965 1132 1059; baseline -0.005 -23"><span class='ocrx_word' id='word_1_18' title='bbox 149 971 249 1036; x_wconf 86' lang='lat' dir='ltr'><strong>mines</strong></span> <span class='ocrx_word' id='word_1_19' title='bbox 281 992 317 1034; x_wconf 84' lang='lat' dir='ltr'><strong>er</strong></span> <span class='ocrx_word' id='word_1_20' title='bbox 348 972 415 1057; x_wconf 88' lang='lat' dir='ltr'><strong>ejus</strong></span> <span class='ocrx_word' id='word_1_21' title='bbox 438 981 614 1059; x_wconf 73' lang='lat' dir='ltr'><strong>potestate,</strong></span> <span class='ocrx_word' id='word_1_22' title='bbox 645 969 712 1035; x_wconf 88' lang='lat' dir='ltr'><strong>sine</strong></span> <span class='ocrx_word' id='word_1_23' title='bbox 735 968 834 1034; x_wconf 90' lang='lat' dir='ltr'><strong>dubio</strong></span> <span class='ocrx_word' id='word_1_24' title='bbox 857 967 956 1032; x_wconf 86' lang='lat' dir='ltr'><strong>nodos</strong></span> <span class='ocrx_word' id='word_1_25' title='bbox 977 989 1040 1032; x_wconf 92' lang='lat' dir='ltr'><strong>non</strong></span> <span class='ocrx_word' id='word_1_26' title='bbox 1065 965 1132 1032; x_wconf 80' lang='lat' dir='ltr'><strong>rol·</strong></span> 
     </span>
     <span class='ocr_line' id='line_1_5' title="bbox 149 1075 497 1142; baseline 0.003 -1"><span class='ocrx_word' id='word_1_27' title='bbox 149 1075 266 1142; x_wconf 85' lang='lat' dir='ltr'><strong>rendos</strong></span> <span class='ocrx_word' id='word_1_28' title='bbox 294 1075 497 1142; x_wconf 85' lang='lat' dir='ltr'><strong>constituere.</strong></span> 
     </span>
    </p>

    <p class='ocr_par' dir='ltr' id='par_1_3' title="bbox 123 1178 1156 2419">
     <span class='ocr_line' id='line_1_6' title="bbox 196 1178 1132 1270; baseline -0.002 -24"><span class='ocrx_word' id='word_1_29' title='bbox 196 1181 319 1268; x_wconf 84' lang='lat' dir='ltr'><strong>Rejecit</strong></span> <span class='ocrx_word' id='word_1_30' title='bbox 351 1181 451 1270; x_wconf 73' lang='lat' dir='ltr'><strong>igitur</strong></span> <span class='ocrx_word' id='word_1_31' title='bbox 482 1180 598 1247; x_wconf 90' lang='lat' dir='ltr'><strong>uierito</strong></span> <span class='ocrx_word' id='word_1_32' title='bbox 630 1178 713 1246; x_wconf 85' lang='lat' dir='ltr'><strong>hano</strong></span> <span class='ocrx_word' id='word_1_33' title='bbox 736 1181 924 1246; x_wconf 86' lang='lat' dir='ltr'><strong>sententiam</strong></span> <span class='ocrx_word' id='word_1_34' title='bbox 947 1196 1132 1258; x_wconf 70' lang='lat' dir='ltr'><strong>irascuntur»,</strong></span> 
     </span>
     <span class='ocr_line' id='line_1_7' title="bbox 150 1281 1135 1374; baseline -0.004 -22"><span class='ocrx_word' id='word_1_35' title='bbox 150 1298 183 1352; x_wconf 88' lang='lat' dir='ltr'><strong>et</strong></span> <span class='ocrx_word' id='word_1_36' title='bbox 213 1287 280 1372; x_wconf 85' lang='lat' dir='ltr'><strong>ejus</strong></span> <span class='ocrx_word' id='word_1_37' title='bbox 307 1284 378 1350; x_wconf 87' lang='lat' dir='ltr'><strong>loeo</strong></span> <span class='ocrx_word' id='word_1_38' title='bbox 409 1285 515 1374; x_wconf 83' lang='lat' dir='ltr'><strong>posuit</strong></span> <span class='ocrx_word' id='word_1_39' title='bbox 545 1283 647 1353; x_wconf 90' lang='lat' dir='ltr'><strong>hanc:</strong></span> <span class='ocrx_word' id='word_1_40' title='bbox 681 1281 868 1350; x_wconf 89' lang='lat' dir='ltr'><strong>homiuibus</strong></span> <span class='ocrx_word' id='word_1_41' title='bbox 892 1282 1135 1348; x_wconf 87' lang='lat' dir='ltr'><strong>incumberent</strong></span> 
     </span>
     <span class='ocr_line' id='line_1_8' title="bbox 151 1387 1135 1479; baseline -0.003 -24"><span class='ocrx_word' id='word_1_42' title='bbox 151 1390 344 1456; x_wconf 75' lang='lat' dir='ltr'><strong>satisfaciant</strong></span> <span class='ocrx_word' id='word_1_43' title='bbox 366 1387 478 1455; x_wconf 88' lang='lat' dir='ltr'><strong>honori</strong></span> <span class='ocrx_word' id='word_1_44' title='bbox 503 1390 583 1470; x_wconf 87' lang='lat' dir='ltr'><strong>Dei,</strong></span> <span class='ocrx_word' id='word_1_45' title='bbox 607 1389 668 1479; x_wconf 86' lang='lat' dir='ltr'><strong>ipsi</strong></span> <span class='ocrx_word' id='word_1_46' title='bbox 690 1389 731 1453; x_wconf 93' lang='lat' dir='ltr'><strong>ab</strong></span> <span class='ocrx_word' id='word_1_47' title='bbox 752 1387 933 1454; x_wconf 88' lang='lat' dir='ltr'><strong>hominibus</strong></span> <span class='ocrx_word' id='word_1_48' title='bbox 949 1411 1007 1477; x_wconf 88' lang='lat' dir='ltr'><strong>per</strong></span> <span class='ocrx_word' id='word_1_49' title='bbox 1015 1409 1135 1477; x_wconf 88' lang='lat' dir='ltr'><strong>pecca-</strong></span> 
     </span>
     <span class='ocr_line' id='line_1_9' title="bbox 152 1491 1156 1587; baseline -0.005 -27"><span class='ocrx_word' id='word_1_50' title='bbox 152 1508 219 1560; x_wconf 86' lang='lat' dir='ltr'><strong>tnm</strong></span> <span class='ocrx_word' id='word_1_51' title='bbox 244 1506 354 1582; x_wconf 87' lang='lat' dir='ltr'><strong>rapto,</strong></span> <span class='ocrx_word' id='word_1_52' title='bbox 389 1495 413 1559; x_wconf 86' lang='lat' dir='ltr'><strong>si</strong></span> <span class='ocrx_word' id='word_1_53' title='bbox 437 1496 561 1560; x_wconf 84' lang='lat' dir='ltr'><strong>reniam</strong></span> <span class='ocrx_word' id='word_1_54' title='bbox 584 1516 727 1583; x_wconf 87' lang='lat' dir='ltr'><strong>poenae,</strong></span> <span class='ocrx_word' id='word_1_55' title='bbox 751 1515 832 1583; x_wconf 89' lang='lat' dir='ltr'><strong>qnae</strong></span> <span class='ocrx_word' id='word_1_56' title='bbox 856 1492 953 1581; x_wconf 91' lang='lat' dir='ltr'><strong>ipsis,</strong></span> <span class='ocrx_word' id='word_1_57' title='bbox 978 1504 1012 1556; x_wconf 92' lang='lat' dir='ltr'><strong>ut</strong></span> <span class='ocrx_word' id='word_1_58' title='bbox 1036 1491 1156 1587; x_wconf 45' lang='lat' dir='ltr'><strong>honos·</strong></span> 
     </span>
     <span class='ocr_line' id='line_1_10' title="bbox 152 1597 1137 1688; baseline -0.005 -21"><span class='ocrx_word' id='word_1_59' title='bbox 152 1600 337 1667; x_wconf 77' lang='lat' dir='ltr'><strong>restituatur</strong></span> <span class='ocrx_word' id='word_1_60' title='bbox 379 1600 460 1682; x_wconf 87' lang='lat' dir='ltr'><strong>Dei,</strong></span> <span class='ocrx_word' id='word_1_61' title='bbox 504 1612 551 1666; x_wconf 86' lang='lat' dir='ltr'><strong>est</strong></span> <span class='ocrx_word' id='word_1_62' title='bbox 585 1598 719 1681; x_wconf 89' lang='lat' dir='ltr'><strong>luenda,</strong></span> <span class='ocrx_word' id='word_1_63' title='bbox 771 1610 972 1688; x_wconf 88' lang='lat' dir='ltr'><strong>peccatorum</strong></span> <span class='ocrx_word' id='word_1_64' title='bbox 1006 1597 1137 1686; x_wconf 88' lang='lat' dir='ltr'><strong>cupiant</strong></span> 
     </span>
     <span class='ocr_line' id='line_1_11' title="bbox 153 1702 1138 1793; baseline -0.004 -24"><span class='ocrx_word' id='word_1_65' title='bbox 153 1703 352 1793; x_wconf 82' lang='lat' dir='ltr'><strong>adipiscere:</strong></span> <span class='ocrx_word' id='word_1_66' title='bbox 386 1702 469 1770; x_wconf 91' lang='lat' dir='ltr'><strong>hanc</strong></span> <span class='ocrx_word' id='word_1_67' title='bbox 493 1717 598 1770; x_wconf 89' lang='lat' dir='ltr'><strong>antem</strong></span> <span class='ocrx_word' id='word_1_68' title='bbox 622 1703 867 1769; x_wconf 67' lang='lat' dir='ltr'><strong>satisfactionem</strong></span> <span class='ocrx_word' id='word_1_69' title='bbox 891 1715 1051 1792; x_wconf 86' lang='lat' dir='ltr'><strong>praestare</strong></span> <span class='ocrx_word' id='word_1_70' title='bbox 1074 1723 1138 1766; x_wconf 94' lang='lat' dir='ltr'><strong>non</strong></span> 
     </span>
     <span class='ocr_line' id='line_1_12' title="bbox 154 1806 1139 1900; baseline -0.001 -27"><span class='ocrx_word' id='word_1_71' title='bbox 154 1831 244 1900; x_wconf 87' lang='lat' dir='ltr'><strong>posse</strong></span> <span class='ocrx_word' id='word_1_72' title='bbox 277 1806 461 1890; x_wconf 90' lang='lat' dir='ltr'><strong>hominem,</strong></span> <span class='ocrx_word' id='word_1_73' title='bbox 494 1809 616 1899; x_wconf 85' lang='lat' dir='ltr'><strong>quippe</strong></span> <span class='ocrx_word' id='word_1_74' title='bbox 647 1809 703 1895; x_wconf 92' lang='lat' dir='ltr'><strong>qni</strong></span> <span class='ocrx_word' id='word_1_75' title='bbox 728 1807 947 1873; x_wconf 89' lang='lat' dir='ltr'><strong>tantummodo</strong></span> <span class='ocrx_word' id='word_1_76' title='bbox 971 1830 1030 1884; x_wconf 84' lang='lat' dir='ltr'><strong>ea,</strong></span> <span class='ocrx_word' id='word_1_77' title='bbox 1055 1829 1139 1895; x_wconf 90' lang='lat' dir='ltr'><strong>qnae</strong></span> 
     </span>
     <span class='ocr_line' id='line_1_13' title="bbox 138 1911 1138 2003; baseline -0.002 -25"><span class='ocrx_word' id='word_1_78' title='bbox 138 1911 141 1920; x_wconf 82' lang='grc'><strong>’</strong></span> <span class='ocrx_word' id='word_1_79' title='bbox 154 1913 215 2003; x_wconf 91' lang='lat' dir='ltr'><strong>ipsi</strong></span> <span class='ocrx_word' id='word_1_80' title='bbox 228 1913 371 2002; x_wconf 90' lang='lat' dir='ltr'><strong>injuncta</strong></span> <span class='ocrx_word' id='word_1_81' title='bbox 383 1927 474 1996; x_wconf 88' lang='lat' dir='ltr'><strong>sunt,</strong></span> <span class='ocrx_word' id='word_1_82' title='bbox 498 1927 658 2002; x_wconf 88' lang='lat' dir='ltr'><strong>praestare</strong></span> <span class='ocrx_word' id='word_1_83' title='bbox 672 1914 790 2002; x_wconf 90' lang='lat' dir='ltr'><strong>possit,</strong></span> <span class='ocrx_word' id='word_1_84' title='bbox 814 1913 867 1978; x_wconf 90' lang='lat' dir='ltr'><strong>sed</strong></span> <span class='ocrx_word' id='word_1_85' title='bbox 882 1924 1002 1978; x_wconf 88' lang='lat' dir='ltr'><strong>tantum</strong></span> <span class='ocrx_word' id='word_1_86' title='bbox 1017 1913 1138 1990; x_wconf 83' lang='lat' dir='ltr'><strong>Deum,</strong></span> 
     </span>
     <span class='ocr_line' id='line_1_14' title="bbox 156 2015 1141 2106; baseline -0.001 -24"><span class='ocrx_word' id='word_1_87' title='bbox 156 2039 252 2106; x_wconf 88' lang='lat' dir='ltr'><strong>quem</strong></span> <span class='ocrx_word' id='word_1_88' title='bbox 276 2015 358 2082; x_wconf 80' lang='lat' dir='ltr'><strong>ha&#39;nc</strong></span> <span class='ocrx_word' id='word_1_89' title='bbox 383 2017 415 2081; x_wconf 94' lang='lat' dir='ltr'><strong>in</strong></span> <span class='ocrx_word' id='word_1_90' title='bbox 440 2039 506 2081; x_wconf 88' lang='lat' dir='ltr'><strong>rem</strong></span> <span class='ocrx_word' id='word_1_91' title='bbox 531 2017 601 2081; x_wconf 88' lang='lat' dir='ltr'><strong>fieri</strong></span> <span class='ocrx_word' id='word_1_92' title='bbox 625 2015 786 2082; x_wconf 88' lang='lat' dir='ltr'><strong>hominem</strong></span> <span class='ocrx_word' id='word_1_93' title='bbox 811 2039 937 2082; x_wconf 88' lang='lat' dir='ltr'><strong>necesse</strong></span> <span class='ocrx_word' id='word_1_94' title='bbox 958 2039 1042 2096; x_wconf 87' lang='lat' dir='ltr'><strong>esse,</strong></span> <span class='ocrx_word' id='word_1_95' title='bbox 1066 2039 1141 2106; x_wconf 87' lang='lat' dir='ltr'><strong>per·</strong></span> 
     </span>
     <span class='ocr_line' id='line_1_15' title="bbox 156 2120 1138 2210; baseline -0.002 -22"><span class='ocrx_word' id='word_1_96' title='bbox 156 2128 216 2188; x_wconf 90' lang='lat' dir='ltr'><strong>tim</strong></span> <span class='ocrx_word' id='word_1_97' title='bbox 253 2122 328 2210; x_wconf 87' lang='lat' dir='ltr'><strong>qnia</strong></span> <span class='ocrx_word' id='word_1_98' title='bbox 361 2122 401 2186; x_wconf 90' lang='lat' dir='ltr'><strong>ab</strong></span> <span class='ocrx_word' id='word_1_99' title='bbox 427 2120 608 2187; x_wconf 89' lang='lat' dir='ltr'><strong>hominibus</strong></span> <span class='ocrx_word' id='word_1_100' title='bbox 631 2133 710 2186; x_wconf 88' lang='lat' dir='ltr'><strong>essct</strong></span> <span class='ocrx_word' id='word_1_101' title='bbox 734 2121 922 2210; x_wconf 89' lang='lat' dir='ltr'><strong>praestanda</strong></span> <span class='ocrx_word' id='word_1_102' title='bbox 946 2121 1138 2201; x_wconf 80' lang='lat' dir='ltr'><strong>satisfactio,</strong></span> 
     </span>
     <span class='ocr_line' id='line_1_16' title="bbox 123 2224 1141 2318; baseline -0.005 -21"><span class='ocrx_word' id='word_1_103' title='bbox 123 2293 128 2297; x_wconf 88' lang='lat'><em>.</em></span> <span class='ocrx_word' id='word_1_104' title='bbox 156 2226 276 2318; x_wconf 83' lang='lat' dir='ltr'><strong>partim</strong></span> <span class='ocrx_word' id='word_1_105' title='bbox 312 2226 387 2312; x_wconf 87' lang='lat' dir='ltr'><strong>quia</strong></span> <span class='ocrx_word' id='word_1_106' title='bbox 410 2224 493 2292; x_wconf 90' lang='lat' dir='ltr'><strong>hanc</strong></span> <span class='ocrx_word' id='word_1_107' title='bbox 517 2227 550 2290; x_wconf 90' lang='lat' dir='ltr'><strong>in</strong></span> <span class='ocrx_word' id='word_1_108' title='bbox 574 2247 642 2291; x_wconf 90' lang='lat' dir='ltr'><strong>rem</strong></span> <span class='ocrx_word' id='word_1_109' title='bbox 664 2225 732 2314; x_wconf 89' lang='lat' dir='ltr'><strong>pati</strong></span> <span class='ocrx_word' id='word_1_110' title='bbox 762 2238 857 2313; x_wconf 86' lang='lat' dir='ltr'><strong>atque</strong></span> <span class='ocrx_word' id='word_1_111' title='bbox 881 2226 1057 2292; x_wconf 84' lang='lat' dir='ltr'><strong>moricum</strong></span> <span class='ocrx_word' id='word_1_112' title='bbox 1080 2248 1141 2292; x_wconf 89' lang='lat' dir='ltr'><strong>ue-</strong></span> 
     </span>
     <span class='ocr_line' id='line_1_17' title="bbox 156 2328 419 2419; baseline -0.008 -20"><span class='ocrx_word' id='word_1_113' title='bbox 156 2353 243 2399; x_wconf 88' lang='lat' dir='ltr'><strong>cesse</strong></span> <span class='ocrx_word' id='word_1_114' title='bbox 265 2343 344 2396; x_wconf 86' lang='lat' dir='ltr'><strong>esset</strong></span> <span class='ocrx_word' id='word_1_115' title='bbox 356 2328 419 2419; x_wconf 88' lang='lat'><strong>(2)</strong></span> 
     </span>
    </p>

    <p class='ocr_par' dir='ltr' id='par_1_4' title="bbox 95 2433 1147 2944">
     <span class='ocr_line' id='line_1_18' title="bbox 205 2433 1145 2524; baseline -0.001 -23"><span class='ocrx_word' id='word_1_116' title='bbox 205 2437 273 2502; x_wconf 84' lang='lat' dir='ltr'><strong>Hac</strong></span> <span class='ocrx_word' id='word_1_117' title='bbox 301 2457 376 2501; x_wconf 81' lang='lat' dir='ltr'><strong>tero</strong></span> <span class='ocrx_word' id='word_1_118' title='bbox 411 2434 533 2500; x_wconf 87' lang='lat' dir='ltr'><strong>ratione</strong></span> <span class='ocrx_word' id='word_1_119' title='bbox 570 2457 668 2524; x_wconf 87' lang='lat' dir='ltr'><strong>quum</strong></span> <span class='ocrx_word' id='word_1_120' title='bbox 692 2447 924 2524; x_wconf 84' lang='lat' dir='ltr'><strong>proponeretur</strong></span> <span class='ocrx_word' id='word_1_121' title='bbox 945 2457 1016 2516; x_wconf 88' lang='lat' dir='ltr'><strong>res,</strong></span> <span class='ocrx_word' id='word_1_122' title='bbox 1048 2433 1145 2500; x_wconf 86' lang='lat' dir='ltr'><strong>etiam</strong></span> 
     </span>
     <span class='ocr_line' id='line_1_19' title="bbox 157 2537 1145 2630; baseline -0.005 -22"><span class='ocrx_word' id='word_1_123' title='bbox 157 2539 279 2608; x_wconf 88' lang='lat' dir='ltr'><strong>multae</strong></span> <span class='ocrx_word' id='word_1_124' title='bbox 313 2540 446 2606; x_wconf 89' lang='lat' dir='ltr'><strong>oberant</strong></span> <span class='ocrx_word' id='word_1_125' title='bbox 474 2539 675 2606; x_wconf 87' lang='lat' dir='ltr'><strong>difficultates</strong></span> <span class='ocrx_word' id='word_1_126' title='bbox 687 2537 758 2628; x_wconf 84' lang='lat'><strong>(3),</strong></span> <span class='ocrx_word' id='word_1_127' title='bbox 797 2539 846 2605; x_wconf 91' lang='lat' dir='ltr'><strong>uti</strong></span> <span class='ocrx_word' id='word_1_128' title='bbox 875 2540 942 2630; x_wconf 89' lang='lat' dir='ltr'><strong>ipse</strong></span> <span class='ocrx_word' id='word_1_129' title='bbox 971 2540 1145 2606; x_wconf 88' lang='lat' dir='ltr'><strong>sententiae</strong></span> 
     </span>
     <span class='ocr_line' id='line_1_20' title="bbox 158 2645 1147 2737; baseline 0.001 -27"><span class='ocrx_word' id='word_1_130' title='bbox 158 2658 312 2737; x_wconf 88' lang='lat' dir='ltr'><strong>patronus</strong></span> <span class='ocrx_word' id='word_1_131' title='bbox 337 2667 465 2735; x_wconf 85' lang='lat' dir='ltr'><strong>qnoque</strong></span> <span class='ocrx_word' id='word_1_132' title='bbox 489 2646 645 2736; x_wconf 88' lang='lat' dir='ltr'><strong>professus</strong></span> <span class='ocrx_word' id='word_1_133' title='bbox 672 2659 730 2715; x_wconf 87' lang='lat' dir='ltr'><strong>est.</strong></span> <span class='ocrx_word' id='word_1_134' title='bbox 779 2646 884 2731; x_wconf 79' lang='lat' dir='ltr'><strong>Quum</strong></span> <span class='ocrx_word' id='word_1_135' title='bbox 911 2645 995 2712; x_wconf 87' lang='lat' dir='ltr'><strong>enirn</strong></span> <span class='ocrx_word' id='word_1_136' title='bbox 1016 2668 1147 2736; x_wconf 88' lang='lat' dir='ltr'><strong>respou-</strong></span> 
     </span>
     <span class='ocr_line' id='line_1_21' title="bbox 95 2749 1145 2841; baseline -0.003 -24"><span class='ocrx_word' id='word_1_137' title='bbox 95 2769 99 2780; x_wconf 91' lang='grc'><strong><em>’</em></strong></span> <span class='ocrx_word' id='word_1_138' title='bbox 159 2751 258 2818; x_wconf 84' lang='lat' dir='ltr'><strong>disset</strong></span> <span class='ocrx_word' id='word_1_139' title='bbox 286 2749 326 2816; x_wconf 88' lang='lat' dir='ltr'><strong>ad</strong></span> <span class='ocrx_word' id='word_1_140' title='bbox 350 2750 589 2838; x_wconf 86' lang='lat' dir='ltr'><strong>quaestionem:</strong></span> <span class='ocrx_word' id='word_1_141' title='bbox 640 2750 836 2836; x_wconf 80' lang='lat' dir='ltr'><strong>»Quomodo</strong></span> <span class='ocrx_word' id='word_1_142' title='bbox 850 2750 960 2841; x_wconf 28' lang='lat' dir='ltr'><strong>‚deleat</strong></span> <span class='ocrx_word' id='word_1_143' title='bbox 982 2773 1066 2816; x_wconf 89' lang='lat' dir='ltr'><strong>mors</strong></span> <span class='ocrx_word' id='word_1_144' title='bbox 1086 2773 1145 2815; x_wconf 91' lang='lat' dir='ltr'><strong>ea-</strong></span> 
     </span>
     <span class='ocr_line' id='line_1_22' title="bbox 160 2852 1145 2944; baseline -0.002 -23"><span class='ocrx_word' id='word_1_145' title='bbox 160 2855 237 2922; x_wconf 85' lang='lat' dir='ltr'><strong>dem</strong></span> <span class='ocrx_word' id='word_1_146' title='bbox 277 2855 373 2920; x_wconf 86' lang='lat' dir='ltr'><strong>etiem</strong></span> <span class='ocrx_word' id='word_1_147' title='bbox 408 2867 539 2944; x_wconf 87' lang='lat' dir='ltr'><strong>peccata</strong></span> <span class='ocrx_word' id='word_1_148' title='bbox 570 2875 642 2918; x_wconf 90' lang='lat' dir='ltr'><strong>eum</strong></span> <span class='ocrx_word' id='word_1_149' title='bbox 677 2855 794 2942; x_wconf 84' lang='lat' dir='ltr'><strong>(Deum</strong></span> <span class='ocrx_word' id='word_1_150' title='bbox 825 2855 937 2922; x_wconf 84' lang='lat' dir='ltr'><strong>Jesnm</strong></span> <span class='ocrx_word' id='word_1_151' title='bbox 968 2852 1145 2940; x_wconf 79' lang='lat' dir='ltr'><strong>Christum)</strong></span> 
     </span>
    </p>
   </div>
   <div class='ocr_carea' id='block_1_3' title="bbox 160 3016 278 3036">
    <p class='ocr_par' dir='ltr' id='par_1_5' title="bbox 160 3016 278 3036">
     <span class='ocr_line' id='line_1_23' title="bbox 160 3016 278 3036; baseline 0 -4"><span class='ocrx_word' id='word_1_152' title='bbox 160 3016 278 3036; x_wconf 40' lang='grc' dir='ltr'><strong><em>β</em></strong></span> 
     </span>
    </p>
   </div>
   <div class='ocr_carea' id='block_1_4' title="bbox 164 3067 1142 3257">
    <p class='ocr_par' dir='ltr' id='par_1_6' title="bbox 164 3067 1142 3257">
     <span class='ocr_line' id='line_1_24' title="bbox 200 3067 1142 3173; baseline 0.004 -20"><span class='ocrx_word' id='word_1_153' title='bbox 200 3100 240 3170; x_wconf 82' lang='grc' dir='ltr'><strong>(ι)</strong></span> <span class='ocrx_word' id='word_1_154' title='bbox 274 3099 315 3155; x_wconf 84' lang='lat' dir='ltr'><strong>cr.</strong></span> <span class='ocrx_word' id='word_1_155' title='bbox 342 3067 489 3168; x_wconf 55' lang='lat' dir='ltr'><strong>resumes</strong></span> <span class='ocrx_word' id='word_1_156' title='bbox 505 3121 551 3156; x_wconf 58' lang='lat' dir='ltr'><strong>aar</strong></span> <span class='ocrx_word' id='word_1_157' title='bbox 580 3101 649 3156; x_wconf 67' lang='lat' dir='ltr'><strong>um</strong></span> <span class='ocrx_word' id='word_1_158' title='bbox 665 3101 761 3154; x_wconf 69' lang='lat' dir='ltr'><strong>simo?</strong></span> <span class='ocrx_word' id='word_1_159' title='bbox 778 3102 839 3157; x_wconf 78' lang='lat' dir='ltr'><strong>nr.</strong></span> <span class='ocrx_word' id='word_1_160' title='bbox 855 3100 913 3155; x_wconf 81' lang='lat' dir='ltr'><strong>cr</strong></span> <span class='ocrx_word' id='word_1_161' title='bbox 930 3099 975 3157; x_wconf 71' lang='lat' dir='ltr'><strong>sn.</strong></span> <span class='ocrx_word' id='word_1_162' title='bbox 1002 3101 1142 3173; x_wconf 61' lang='lat' dir='ltr'><strong>arrange.</strong></span> 
     </span>
     <span class='ocr_line' id='line_1_25' title="bbox 164 3185 355 3257; baseline -0.01 -17"><span class='ocrx_word' id='word_1_163' title='bbox 164 3187 245 3240; x_wconf 65' lang='lat'>18³4·</span> <span class='ocrx_word' id='word_1_164' title='bbox 263 3203 291 3257; x_wconf 87' lang='lat' dir='ltr'><strong>p·</strong></span> <span class='ocrx_word' id='word_1_165' title='bbox 313 3185 355 3238; x_wconf 87' lang='grc'><strong>15.</strong></span> 
     </span>
    </p>
   </div>
   <div class='ocr_carea' id='block_1_5' title="bbox 203 3272 1149 3348">
    <p class='ocr_par' dir='ltr' id='par_1_7' title="bbox 203 3272 1149 3348">
     <span class='ocr_line' id='line_1_26' title="bbox 203 3272 1149 3348; baseline 0.002 -20"><span class='ocrx_word' id='word_1_166' title='bbox 203 3276 242 3346; x_wconf 76' lang='grc'><strong>(3)</strong></span> <span class='ocrx_word' id='word_1_167' title='bbox 276 3275 438 3328; x_wconf 80' lang='lat' dir='ltr'><strong>Sententiam</strong></span> <span class='ocrx_word' id='word_1_168' title='bbox 454 3274 524 3328; x_wconf 82' lang='lat' dir='ltr'><strong>franc</strong></span> <span class='ocrx_word' id='word_1_169' title='bbox 540 3275 684 3346; x_wconf 77' lang='lat' dir='ltr'><strong>expositam</strong></span> <span class='ocrx_word' id='word_1_170' title='bbox 701 3272 788 3328; x_wconf 81' lang='lat' dir='ltr'><strong>ridear</strong></span> <span class='ocrx_word' id='word_1_171' title='bbox 804 3275 833 3327; x_wconf 87' lang='lat' dir='ltr'><strong>in</strong></span> <span class='ocrx_word' id='word_1_172' title='bbox 852 3279 909 3348; x_wconf 81' lang='lat' dir='ltr'><strong>ejus</strong></span> <span class='ocrx_word' id='word_1_173' title='bbox 921 3276 939 3330; x_wconf 94' lang='grc' dir='ltr'><strong>Ι.</strong></span> <span class='ocrx_word' id='word_1_174' title='bbox 954 3275 994 3330; x_wconf 74' lang='lat' dir='ltr'><strong>t:</strong></span> <span class='ocrx_word' id='word_1_175' title='bbox 1017 3275 1069 3330; x_wconf 78' lang='lat' dir='ltr'><strong>Ger</strong></span> <span class='ocrx_word' id='word_1_176' title='bbox 1080 3277 1149 3330; x_wconf 76' lang='lat' dir='ltr'><strong>Dese</strong></span> 
     </span>
    </p>
   </div>
   <div class='ocr_carea' id='block_1_6' title="bbox 163 3345 1265 3428">
    <p class='ocr_par' dir='ltr' id='par_1_8' title="bbox 163 3345 1265 3428">
     <span class='ocr_line' id='line_1_27' title="bbox 163 3345 1265 3428; baseline -0.002 -12"><span class='ocrx_word' id='word_1_177' title='bbox 163 3360 262 3416; x_wconf 73' lang='lat' dir='ltr'><strong>eene?</strong></span> <span class='ocrx_word' id='word_1_178' title='bbox 290 3361 362 3428; x_wconf 74' lang='lat' dir='ltr'><strong>repr.</strong></span> <span class='ocrx_word' id='word_1_179' title='bbox 394 3361 423 3411; x_wconf 79' lang='lat' dir='ltr'><strong>n</strong></span> <span class='ocrx_word' id='word_1_180' title='bbox 453 3361 474 3412; x_wconf 92' lang='lat'><strong>1.</strong></span> <span class='ocrx_word' id='word_1_181' title='bbox 510 3359 539 3414; x_wconf 92' lang='lat' dir='ltr'><strong>c.</strong></span> <span class='ocrx_word' id='word_1_182' title='bbox 560 3361 610 3424; x_wconf 83' lang='lat' dir='ltr'><strong>te,</strong></span> <span class='ocrx_word' id='word_1_183' title='bbox 639 3361 683 3414; x_wconf 83' lang='lat'><strong>20.</strong></span> <span class='ocrx_word' id='word_1_184' title='bbox 711 3361 739 3414; x_wconf 82' lang='lat' dir='ltr'><strong>u.</strong></span> <span class='ocrx_word' id='word_1_185' title='bbox 760 3363 792 3412; x_wconf 92' lang='lat' dir='ltr'><strong>n.</strong></span> <span class='ocrx_word' id='word_1_186' title='bbox 813 3361 841 3416; x_wconf 85' lang='lat' dir='ltr'><strong>c,</strong></span> <span class='ocrx_word' id='word_1_187' title='bbox 862 3365 900 3428; x_wconf 83' lang='lat' dir='ltr'><strong>e,</strong></span> <span class='ocrx_word' id='word_1_188' title='bbox 929 3364 981 3425; x_wconf 88' lang='lat'><strong>11,</strong></span> <span class='ocrx_word' id='word_1_189' title='bbox 1010 3364 1072 3426; x_wconf 80' lang='lat' dir='ltr'><strong>re,</strong></span> <span class='ocrx_word' id='word_1_190' title='bbox 1104 3363 1149 3418; x_wconf 82' lang='lat'><strong>19.</strong></span> <span class='ocrx_word' id='word_1_191' title='bbox 1262 3345 1265 3352; x_wconf 85' lang='lat'>&#39;</span> 
     </span>
    </p>
   </div>
   <div class='ocr_carea' id='block_1_7' title="bbox 164 3445 1150 3502">
    <p class='ocr_par' dir='ltr' id='par_1_9' title="bbox 164 3445 1150 3502">
     <span class='ocr_line' id='line_1_28' title="bbox 164 3445 1150 3502; baseline -0.004 0"><span class='ocrx_word' id='word_1_192' title='bbox 164 3449 242 3502; x_wconf 78' lang='lat' dir='ltr'><strong>nano</strong></span> <span class='ocrx_word' id='word_1_193' title='bbox 286 3445 436 3498; x_wconf 87' lang='lat' dir='ltr'><strong>doctrinam</strong></span> <span class='ocrx_word' id='word_1_194' title='bbox 473 3445 571 3498; x_wconf 85' lang='lat' dir='ltr'><strong>deinde</strong></span> <span class='ocrx_word' id='word_1_195' title='bbox 607 3445 816 3502; x_wconf 82' lang='lat' dir='ltr'><strong>Ecclesiasticetn</strong></span> <span class='ocrx_word' id='word_1_196' title='bbox 843 3447 942 3500; x_wconf 85' lang='lat' dir='ltr'><strong>factam</strong></span> <span class='ocrx_word' id='word_1_197' title='bbox 969 3465 1022 3500; x_wconf 84' lang='lat' dir='ltr'><strong>esse</strong></span> <span class='ocrx_word' id='word_1_198' title='bbox 1061 3445 1150 3499; x_wconf 80' lang='lat' dir='ltr'><strong>ridere</strong></span> 
     </span>
    </p>
   </div>
   <div class='ocr_carea' id='block_1_8' title="bbox 163 3528 1241 3601">
    <p class='ocr_par' dir='ltr' id='par_1_10' title="bbox 163 3528 1241 3601">
     <span class='ocr_line' id='line_1_29' title="bbox 163 3528 1241 3601; baseline -0.001 -16"><span class='ocrx_word' id='word_1_199' title='bbox 163 3540 208 3585; x_wconf 80' lang='lat' dir='ltr'><strong>eet</strong></span> <span class='ocrx_word' id='word_1_200' title='bbox 229 3549 260 3583; x_wconf 84' lang='lat' dir='ltr'><strong>ex</strong></span> <span class='ocrx_word' id='word_1_201' title='bbox 279 3535 378 3583; x_wconf 74' lang='lat' dir='ltr'><strong>Oetaei.</strong></span> <span class='ocrx_word' id='word_1_202' title='bbox 406 3533 492 3583; x_wconf 73' lang='lat' dir='ltr'><strong>Putet.</strong></span> <span class='ocrx_word' id='word_1_203' title='bbox 511 3531 543 3599; x_wconf 80' lang='lat' dir='ltr'><strong>Q.</strong></span> <span class='ocrx_word' id='word_1_204' title='bbox 566 3528 685 3595; x_wconf 78' lang='lat'>12-19‚</span> <span class='ocrx_word' id='word_1_205' title='bbox 726 3533 770 3584; x_wconf 77' lang='lat' dir='ltr'><strong>ott.</strong></span> <span class='ocrx_word' id='word_1_206' title='bbox 789 3533 841 3598; x_wconf 89' lang='grc'><strong>37,</strong></span> <span class='ocrx_word' id='word_1_207' title='bbox 861 3533 915 3595; x_wconf 72' lang='grc'><strong>40,</strong></span> <span class='ocrx_word' id='word_1_208' title='bbox 945 3535 1059 3601; x_wconf 77' lang='lat' dir='ltr'><strong>Consors.</strong></span> <span class='ocrx_word' id='word_1_209' title='bbox 1078 3531 1149 3600; x_wconf 77' lang='lat' dir='ltr'><strong>Balp.</strong></span> <span class='ocrx_word' id='word_1_210' title='bbox 1238 3574 1241 3584; x_wconf 88' lang='lat'>.</span> 
     </span>
    </p>
   </div>
   <div class='ocr_carea' id='block_1_9' title="bbox 164 3615 1152 4032">
    <p class='ocr_par' dir='ltr' id='par_1_11' title="bbox 164 3615 1152 4032">
     <span class='ocr_line' id='line_1_30' title="bbox 164 3615 1151 3684; baseline -0.003 -13"><span class='ocrx_word' id='word_1_211' title='bbox 164 3615 318 3671; x_wconf 81' lang='lat' dir='ltr'><strong>xtx-xxt</strong></span> <span class='ocrx_word' id='word_1_212' title='bbox 327 3653 336 3678; x_wconf 95' lang='lat'><em>,</em></span> <span class='ocrx_word' id='word_1_213' title='bbox 357 3619 418 3666; x_wconf 75' lang='lat' dir='ltr'><strong>Coe.</strong></span> <span class='ocrx_word' id='word_1_214' title='bbox 445 3615 511 3684; x_wconf 78' lang='lat' dir='ltr'><strong>Syn.</strong></span> <span class='ocrx_word' id='word_1_215' title='bbox 530 3615 651 3667; x_wconf 83' lang='lat' dir='ltr'><strong>Dordrao.</strong></span> <span class='ocrx_word' id='word_1_216' title='bbox 680 3615 707 3668; x_wconf 78' lang='lat' dir='ltr'><strong>C.</strong></span> <span class='ocrx_word' id='word_1_217' title='bbox 728 3616 1151 3684; x_wconf 56' lang='lat' dir='ltr'><strong>tt.can.1÷1v.ot.praeseroa</strong></span> 
     </span>
     <span class='ocr_line' id='line_1_31' title="bbox 169 3699 1150 3769; baseline 0 -15"><span class='ocrx_word' id='word_1_218' title='bbox 169 3699 565 3768; x_wconf 66' lang='lat' dir='ltr'><strong>cmssseAeym.nri.111‚</strong></span> <span class='ocrx_word' id='word_1_219' title='bbox 592 3699 643 3763; x_wconf 86' lang='lat' dir='ltr'><strong>tv,</strong></span> <span class='ocrx_word' id='word_1_220' title='bbox 671 3699 877 3769; x_wconf 69' lang='lat' dir='ltr'><strong>repedassem,</strong></span> <span class='ocrx_word' id='word_1_221' title='bbox 904 3702 922 3754; x_wconf 91' lang='grc' dir='ltr'><strong>Ι.</strong></span> <span class='ocrx_word' id='word_1_222' title='bbox 942 3701 961 3754; x_wconf 93' lang='grc' dir='ltr'><strong>Ι.</strong></span> <span class='ocrx_word' id='word_1_223' title='bbox 981 3701 1002 3754; x_wconf 91' lang='grc'><strong>1.</strong></span> <span class='ocrx_word' id='word_1_224' title='bbox 1022 3700 1075 3766; x_wconf 86' lang='grc'><strong>37,</strong></span> <span class='ocrx_word' id='word_1_225' title='bbox 1096 3702 1150 3769; x_wconf 82' lang='grc'><strong>38,</strong></span> 
     </span>
     <span class='ocr_line' id='line_1_32' title="bbox 165 3783 1152 3855; baseline 0 -15"><span class='ocrx_word' id='word_1_226' title='bbox 165 3784 247 3855; x_wconf 79' lang='lat' dir='ltr'><strong>Apot-</strong></span> <span class='ocrx_word' id='word_1_227' title='bbox 256 3823 265 3850; x_wconf 89' lang='lat'><strong><em>,</em></strong></span> <span class='ocrx_word' id='word_1_228' title='bbox 281 3783 354 3853; x_wconf 81' lang='lat' dir='ltr'><strong>apud</strong></span> <span class='ocrx_word' id='word_1_229' title='bbox 371 3783 486 3837; x_wconf 87' lang='lat' dir='ltr'><strong>eundem</strong></span> <span class='ocrx_word' id='word_1_230' title='bbox 504 3803 532 3854; x_wconf 86' lang='lat' dir='ltr'><strong>p·</strong></span> <span class='ocrx_word' id='word_1_231' title='bbox 551 3785 603 3837; x_wconf 78' lang='grc'><strong>313</strong></span> <span class='ocrx_word' id='word_1_232' title='bbox 611 3823 620 3848; x_wconf 85' lang='grc'><strong>,</strong></span> <span class='ocrx_word' id='word_1_233' title='bbox 640 3785 702 3838; x_wconf 81' lang='grc'><strong>315.</strong></span> <span class='ocrx_word' id='word_1_234' title='bbox 722 3786 806 3838; x_wconf 78' lang='lat' dir='ltr'><strong>Foru·</strong></span> <span class='ocrx_word' id='word_1_235' title='bbox 829 3786 949 3840; x_wconf 69' lang='lat' dir='ltr'><strong>concord.</strong></span> <span class='ocrx_word' id='word_1_236' title='bbox 962 3783 1079 3838; x_wconf 83' lang='lat' dir='ltr'><strong>declarat</strong></span> <span class='ocrx_word' id='word_1_237' title='bbox 1090 3787 1152 3855; x_wconf 79' lang='lat' dir='ltr'><strong>jue-</strong></span> 
     </span>
     <span class='ocr_line' id='line_1_33' title="bbox 167 3868 1151 3935; baseline -0.001 -13"><span class='ocrx_word' id='word_1_238' title='bbox 167 3869 257 3922; x_wconf 86' lang='lat' dir='ltr'><strong>titiam</strong></span> <span class='ocrx_word' id='word_1_239' title='bbox 282 3877 398 3922; x_wconf 77' lang='lat' dir='ltr'><strong>nostram</strong></span> <span class='ocrx_word' id='word_1_240' title='bbox 423 3868 564 3922; x_wconf 82' lang='lat' dir='ltr'><strong>consistere</strong></span> <span class='ocrx_word' id='word_1_241' title='bbox 589 3871 617 3921; x_wconf 89' lang='lat' dir='ltr'><strong>in</strong></span> <span class='ocrx_word' id='word_1_242' title='bbox 636 3877 693 3922; x_wconf 90' lang='lat' dir='ltr'><strong>toto</strong></span> <span class='ocrx_word' id='word_1_243' title='bbox 711 3869 832 3933; x_wconf 81' lang='lat' dir='ltr'><strong>Christo,</strong></span> <span class='ocrx_word' id='word_1_244' title='bbox 858 3871 915 3922; x_wconf 84' lang='lat' dir='ltr'><strong>Deo</strong></span> <span class='ocrx_word' id='word_1_245' title='bbox 933 3878 959 3922; x_wconf 88' lang='lat' dir='ltr'><strong>et</strong></span> <span class='ocrx_word' id='word_1_246' title='bbox 977 3869 1103 3935; x_wconf 83' lang='lat' dir='ltr'><strong>homine,</strong></span> <span class='ocrx_word' id='word_1_247' title='bbox 1122 3875 1151 3922; x_wconf 85' lang='lat' dir='ltr'><strong>et</strong></span> 
     </span>
     <span class='ocr_line' id='line_1_34' title="bbox 166 3951 1149 4032; baseline 0.002 -25"><span class='ocrx_word' id='word_1_248' title='bbox 166 3952 319 4032; x_wconf 64' lang='lat' dir='ltr'><strong>obedientia</strong></span> <span class='ocrx_word' id='word_1_249' title='bbox 336 3952 370 4006; x_wconf 84' lang='lat' dir='ltr'><strong>ab</strong></span> <span class='ocrx_word' id='word_1_250' title='bbox 388 3954 445 4021; x_wconf 84' lang='lat' dir='ltr'><strong>ipso</strong></span> <span class='ocrx_word' id='word_1_251' title='bbox 463 3952 556 4006; x_wconf 85' lang='lat' dir='ltr'><strong>iudea</strong></span> <span class='ocrx_word' id='word_1_252' title='bbox 575 3955 710 4006; x_wconf 83' lang='lat' dir='ltr'><strong>nativitate</strong></span> <span class='ocrx_word' id='word_1_253' title='bbox 729 3971 811 4024; x_wconf 83' lang='lat' dir='ltr'><strong>usqne</strong></span> <span class='ocrx_word' id='word_1_254' title='bbox 827 3951 862 4006; x_wconf 82' lang='lat' dir='ltr'><strong>ad</strong></span> <span class='ocrx_word' id='word_1_255' title='bbox 881 3964 995 4008; x_wconf 83' lang='lat' dir='ltr'><strong>mortem</strong></span> <span class='ocrx_word' id='word_1_256' title='bbox 1013 3955 1149 4022; x_wconf 78' lang='lat' dir='ltr'><strong>praestita.</strong></span> 
     </span>
    </p>
   </div>
   <div class='ocr_carea' id='block_1_10' title="bbox 166 4025 1150 4188">
    <p class='ocr_par' dir='ltr' id='par_1_12' title="bbox 166 4025 1150 4188">
     <span class='ocr_line' id='line_1_35' title="bbox 166 4025 1150 4110; baseline -0.002 -17"><span class='ocrx_word' id='word_1_257' title='bbox 166 4039 203 4093; x_wconf 81' lang='lat' dir='ltr'><strong>V.</strong></span> <span class='ocrx_word' id='word_1_258' title='bbox 222 4040 279 4092; x_wconf 78' lang='lat' dir='ltr'><strong>nrt.</strong></span> <span class='ocrx_word' id='word_1_259' title='bbox 297 4040 323 4092; x_wconf 89' lang='grc'><strong>3.</strong></span> <span class='ocrx_word' id='word_1_260' title='bbox 344 4041 364 4090; x_wconf 83' lang='grc' dir='ltr'><strong>Ι.</strong></span> <span class='ocrx_word' id='word_1_261' title='bbox 381 4057 424 4110; x_wconf 85' lang='lat' dir='ltr'><strong>ap.</strong></span> <span class='ocrx_word' id='word_1_262' title='bbox 443 4025 525 4090; x_wconf 79' lang='lat' dir='ltr'><strong>eund·</strong></span> <span class='ocrx_word' id='word_1_263' title='bbox 545 4040 579 4092; x_wconf 85' lang='lat'><strong>11.</strong></span> <span class='ocrx_word' id='word_1_264' title='bbox 600 4059 627 4109; x_wconf 88' lang='lat' dir='ltr'><strong>p.</strong></span> <span class='ocrx_word' id='word_1_265' title='bbox 646 4039 717 4106; x_wconf 86' lang='grc'><strong>377,</strong></span> <span class='ocrx_word' id='word_1_266' title='bbox 746 4039 858 4092; x_wconf 74' lang='grc' dir='ltr'><strong>ΒνΙΙᾶνι</strong></span> <span class='ocrx_word' id='word_1_267' title='bbox 886 4059 915 4109; x_wconf 88' lang='lat' dir='ltr'><strong>p·</strong></span> <span class='ocrx_word' id='word_1_268' title='bbox 938 4040 991 4093; x_wconf 89' lang='grc'><strong>513</strong></span> <span class='ocrx_word' id='word_1_269' title='bbox 1001 4057 1040 4110; x_wconf 79' lang='lat' dir='ltr'><strong>sq·</strong></span> <span class='ocrx_word' id='word_1_270' title='bbox 1051 4078 1061 4105; x_wconf 93' lang='lat'><em>‚</em></span> <span class='ocrx_word' id='word_1_271' title='bbox 1078 4038 1150 4106; x_wconf 89' lang='grc'><strong>517,</strong></span> 
     </span>
     <span class='ocr_line' id='line_1_36' title="bbox 167 4123 407 4188; baseline -0.017 -10"><span class='ocrx_word' id='word_1_272' title='bbox 167 4125 240 4188; x_wconf 77' lang='grc'><strong>531,</strong></span> <span class='ocrx_word' id='word_1_273' title='bbox 258 4124 328 4188; x_wconf 89' lang='grc'><strong>531,</strong></span> <span class='ocrx_word' id='word_1_274' title='bbox 347 4123 407 4177; x_wconf 85' lang='grc'><strong>533.</strong></span> 
     </span>
    </p>
   </div>
   <div class='ocr_carea' id='block_1_11' title="bbox 212 4225 1150 4378">
    <p class='ocr_par' dir='ltr' id='par_1_13' title="bbox 212 4225 1150 4378">
     <span class='ocr_line' id='line_1_37' title="bbox 212 4225 1150 4299; baseline 0.005 -21"><span class='ocrx_word' id='word_1_275' title='bbox 212 4227 254 4297; x_wconf 78' lang='lat'><strong>(3)</strong></span> <span class='ocrx_word' id='word_1_276' title='bbox 292 4225 330 4279; x_wconf 86' lang='lat' dir='ltr'><strong>Cf.</strong></span> <span class='ocrx_word' id='word_1_277' title='bbox 355 4233 505 4292; x_wconf 67' lang='lat' dir='ltr'><strong>wnrrurrtt,</strong></span> <span class='ocrx_word' id='word_1_278' title='bbox 531 4228 634 4280; x_wconf 68' lang='lat' dir='ltr'><strong>Christi.</strong></span> <span class='ocrx_word' id='word_1_279' title='bbox 661 4227 908 4299; x_wconf 58' lang='lat' dir='ltr'><strong>Kalipous-Unum</strong></span> <span class='ocrx_word' id='word_1_280' title='bbox 928 4227 979 4296; x_wconf 85' lang='grc' dir='ltr'><strong>ΧΙ,</strong></span> <span class='ocrx_word' id='word_1_281' title='bbox 1001 4227 1150 4283; x_wconf 58' lang='lat' dir='ltr'><strong>tot-426.</strong></span> 
     </span>
     <span class='ocr_line' id='line_1_38' title="bbox 859 4317 925 4378; baseline 0.03 -2"><span class='ocrx_word' id='word_1_282' title='bbox 859 4317 925 4378; x_wconf 72' lang='lat'><strong>10*</strong></span> 
     </span>
    </p>
   </div>
   <div class='ocr_carea' id='block_1_12' title="bbox 0 0 1512 5096">
    <p class='ocr_par' dir='ltr' id='par_1_14' title="bbox 0 0 1512 5096">
     <span class='ocr_line' id='line_1_39' title="bbox 0 0 1512 5096; baseline 0 0"><span class='ocrx_word' id='word_1_283' title='bbox 0 0 1512 5096; x_wconf 95' lang='lat' dir='ltr'><strong> </strong></span> 
     </span>
    </p>
   </div>
  </div>
 </body>
</html>
