2958 5096
605 459 671 532 107

522 569 539 626 l

151 719 229 764 cere
250 696 345 776 licet,
373 690 526 763 Romanis
546 699 641 764 etiam
666 699 741 766 talia
763 723 849 766 sacra
863 701 1041 768 satishrisse
1055 715 1140 771 ncta.

151 801 353 868 Confirmant
376 800 437 868 hoc
461 816 493 868 et
512 825 622 894 magna
647 804 778 894 opinio,
799 827 894 894 quam
921 807 1060 873 Romani
1077 809 1143 873 exi·

147 909 213 973 mii
234 907 274 973 de
292 904 341 972 bis
363 895 457 974 sacris
482 906 621 990 habent,
647 933 674 976 e.
696 934 725 1000 g.
753 930 867 980 ctcuno
878 913 946 1000 (1),
975 925 1006 980 et
1026 914 1142 981 Roma-

150 1033 270 1078 norum
302 1011 457 1078 nobilium
478 1015 696 1098 consuetudo,
734 1037 796 1105 qua
820 1041 852 1082 se
875 1014 1007 1083 Athenis
1026 1016 1075 1084 bis
1096 1041 1145 1104 sa·

151 1119 219 1184 cris
244 1115 366 1183 initiari
386 1119 540 1184 curabant
550 1119 611 1208 (2).
649 1118 818 1186 Caeterum
831 1113 1143 1194 totasllomanorum

149 1221 260 1290 cultus
282 1223 441 1312 religionis
463 1224 524 1290 fuit
548 1248 642 1314 quam
666 1225 801 1292 maxime
824 1247 977 1309 arcanus,
1000 1225 1146 1318 inprimis

153 1329 215 1418 qui
237 1327 345 1422 Cereri
369 1327 606 1419 exhibebatur(
631 1330 654 1416 l.
1144 1326 1147 1336 ’

202 1433 290 1498 llaec
323 1434 427 1499 omnin
466 1434 499 1499 in
531 1435 706 1500 Gentilium
742 1434 893 1524 religione
926 1448 959 1503 et
988 1434 1147 1524 mysteriis

154 1537 364 1628 contemplati
398 1549 487 1603 erant
521 1537 666 1629 plerique
697 1537 868 1606 Christiani
900 1553 1044 1621 veteres,
1081 1542 1151 1605 imo.

153 1644 280 1733 experti
309 1653 400 1708 erant
433 1643 515 1732 ipsi,
546 1665 645 1731 quum
677 1645 836 1711 Ecclesiae
865 1643 1063 1712 Christianae
1082 1667 1147 1711 sese

155 1747 365 1831 addicerent,
396 1748 479 1813 unde
511 1747 580 1814 fieri
614 1771 678 1815 non
712 1754 840 1840 potuit,
874 1753 951 1840 quin
977 1763 1090 1841 sponte
1115 1763 1148 1816 at

152 1851 336 1917 inconsulto
367 1851 517 1917 nonnulla
540 1854 615 1919 inde
639 1855 846 1922 traducerent
867 1858 901 1920 in
923 1877 1034 1921 noram
1060 1877 1147 1920 suam

152 1959 240 2022 ritae
272 1958 438 2023 rationem.
486 1959 683 2047 Argumenta
716 1973 763 2026 est
786 1961 877 2026 nobis
895 1960 970 2040 ille,
1004 1962 1060 2049 qui
1081 1961 1149 2050 pri·

153 2050 228 2130 nius
258 2063 514 2151 conjunctionem
549 2063 707 2154 religionis
735 2064 932 2132 Christianae
955 2081 988 2132 et
1007 2065 1150 2133 Philoso·
1210 2132 1223 2156 ,
1323 2055 1327 2064 ’

154 2166 252 2258 phiae
277 2167 415 2233 Graecae
446 2169 611 2236 instituere
639 2185 769 2235 conatus
800 2183 846 2236 est
866 2170 1147 2260 qualemcunque,

158 2273 306 2340 Clemens
341 2260 592 2354 Alexandrinus,
628 2276 717 2363 cujus
749 2278 810 2340 tria
836 2289 1006 2366 supersunt
1028 2299 1146 2365 operas

158 2379 275 2468 quibus
307 2397 394 2443 suam
426 2378 466 2443 de
499 2401 533 2444 re
564 2376 741 2446 Christiana
762 2384 950 2447 sententiam
977 2381 1148 2468 exposuit,

157 2483 414 2570 Protreptious,
445 2482 690 2574 Paedagogats,
729 2484 929 2550 stromata·
968 2485 1041 2551 lam
1074 2507 1149 2550 vero
1210 2489 1212 2496 ’

157 2585 208 2651 hia
229 2586 376 2675 operibns
397 2607 459 2650 non
484 2587 614 2674 quidem
639 2587 755 2654 diserte
779 2591 842 2678 agit
862 2589 902 2655 de
920 2590 1079 2676 mysteriis
1099 2611 1150 2667 re·

156 2691 284 2780 ligionis
319 2678 516 2756 Christianae
548 2690 596 2756 his
619 2691 742 2774 illisve,
776 2693 829 2758 sed
856 2691 938 2758 bane
965 2693 1151 2784 religionem

158 2819 289 2863 omnem
312 2807 427 2863 tractat
449 2813 601 2884 tanquam
623 2801 796 2885 mysteria,
818 2801 1013 2866 Graecorum
1033 2811 1152 2886 myste-

157 2903 215 2967 riis
236 2901 349 2967 similia
371 2903 473 2990 iisque
492 2907 665 2992 superiora.
713 2903 837 2992 Nempe
850 2916 883 2968 et
900 2927 916 2968 a
931 2901 1151 2992 Philosophis,

157 3020 195 3074 et
216 3031 234 3074 a
253 3009 462 3098 Mystagogis,
486 3011 541 3096 qui
562 3008 710 3098 profanos
721 3009 861 3098 primum
875 3007 913 3072 ad
926 3031 957 3072 se
970 3007 1152 3072 alliciebant

157 3125 196 3180 et
224 3135 242 3176 a
273 3113 355 3178 ritae
386 3114 501 3202 prioris
527 3111 897 3192 sordibuslibcrabant,
927 3112 1011 3178 istud
1033 3133 1151 3197 sumse-

160 3303 279 3324 “

202 3414 244 3485 (1)
281 3415 331 3467 flio
348 3431 372 3468 v.
393 3431 418 3468 o.
436 3415 544 3468 »multa
555 3416 583 3480 ,¹³
601 3415 705 3486 inquit,
733 3416 850 3470 »eximia
867 3413 1009 3486 divinaque
1028 3412 1153 3467 videatm

157 3499 286 3554 Athenae
304 3507 364 3552 tuae
382 3499 532 3568 peperisse,
550 3505 630 3569 atque
648 3499 675 3550 in
694 3499 774 3551 vitam
787 3497 926 3551 hominum
938 3499 1076 3562 attulisse,
1095 3505 1152 3550 tum

161 3583 233 3636 nihil
261 3583 353 3635 melius
379 3583 430 3634 illis
457 3582 605 3652 mysteriis,
625 3580 721 3652 quibus
739 3600 771 3634 ex
787 3584 885 3651 agresti
903 3581 1064 3652 immanique
1084 3581 1154 3646 rita,

160 3669 262 3724 exculti
279 3666 313 3720 ad
332 3667 539 3732 humanitatem,
563 3675 590 3718 et
609 3667 722 3736 mitigati
738 3685 848 3732 sumus,
867 3667 994 3738 initiaque
1013 3674 1043 3717 ut
1060 3665 1153 3736 appel-

163 3756 272 3818 lantur,
291 3753 328 3804 ita
345 3770 373 3804 ra
391 3771 450 3804 vera
468 3752 601 3820 principie
612 3748 680 3803 vitae
692 3752 877 3821 cognovimusx
897 3768 983 3822 neque
994 3751 1080 3802 solum
1092 3765 1154 3800 cunr

161 3837 266 3894 laetitia
283 3836 386 3892 risendi
405 3838 534 3890 tationem
550 3838 721 3906 accepimus,
739 3833 786 3888 red
803 3835 884 3888 etiam
900 3853 965 3888 cum
981 3853 1029 3904 spe
1046 3835 1154 3888 meliore

163 3923 335 3989 nah-di?
358 3927 388 3976 de
414 3924 487 3992 1¹95·
514 3925 547 3974 ll.
569 3923 610 3974 lh.
629 3921 667 3974 cs·
689 3922 780 3975 Tusco.
800 3921 915 3990 Disputt.
933 3923 956 3972 l.
977 3921 1046 3974 xut
1067 3921 1110 3972 29.
1126 3923 1155 3972 in

170 4009 282 4063 Vas-ren.
301 4009 362 4062 Act.
382 4010 409 4062 2.
425 4011 457 4064 L.
477 4009 508 4061 V.
527 4007 571 4060 72.
595 4017 599 4020 “

203 4090 244 4158 (2)
284 4091 324 4146 Cf.
344 4109 439 4148 suarm.
465 4099 519 4146 vita
540 4095 596 4144 Oct·
615 4091 651 4144 93
668 4099 696 4144 et
714 4090 770 4145 leue
787 4106 907 4146 naemu
926 4087 1040 4144 hadasa

205 4173 246 4244 (3)
284 4175 328 4253 ct,
346 4195 399 4233 um.
421 4177 466 4232 Od-
487 4177 531 4226 111.
549 4165 584 4240 2¹,
602 4177 656 4231 elii.
