2938 5080
635 1083 840 1172 PARS
869 1083 953 1172 11.

305 1269 583 1358 ursoursrrm,
607 1272 692 1359 ouo
713 1237 813 1340 ruo
836 1273 972 1342 snusu
993 1273 1049 1340 nn
1064 1272 1289 1364 μυστηρίοις

489 1415 697 1486 urruunrs
726 1419 774 1485 ru
803 1399 1010 1486 noornsrr'
1036 1370 1102 1486 srr

646 1559 951 1629 rrrsrrunruu.

502 1816 1087 1876 -θῠϋῠὲθῧὲἓῖβὶψ

748 2050 766 2134 5
788 2050 842 2112 23.

303 2185 439 2312 Hujus
481 2225 580 2315 partis
621 2225 787 2316 inscriptio
834 2226 956 2316 pouit,
1003 2220 1176 2288 Ecclesiam
1220 2243 1285 2286 non

302 2339 483 2394 constanter
505 2352 638 2396 servasse
658 2332 736 2398 Jesu
759 2343 791 2396 et
803 2328 1038 2420 ,Apostolorum
1064 2326 1220 2392 sentiendi
1235 2347 1286 2390 ra·

246 2477 277 2510 ,ι
304 2434 422 2499 tionem
455 2434 495 2500 dc
520 2439 699 2523 μυστηρίοις
710 2459 721 2500 .·
751 2434 871 2524 idque,
907 2446 943 2500 ut
972 2431 1065 2497 uobis
1089 2431 1199 2498 saltem
1233 2431 1285 2496 ri·

301 2539 415 2618 detur,
439 2554 526 2605 recte
542 2541 643 2630 ponit.
692 2540 819 2606 Etenim
842 2539 1004 2629 superiore
1026 2536 1169 2628 opusculi
1192 2549 1283 2627 parte

300 2641 455 2724 uidimus,
487 2645 597 2710 Jesum
619 2646 751 2733 ejusque
775 2643 941 2736 Apostolos
962 2653 1114 2730 μυστήρια
1138 2640 1284 2707 habuisse

299 2768 354 2810 res
377 2759 431 2814 aut
446 2753 642 2838 patefactas
664 2750 698 2814 in
723 2748 873 2838 religione
899 2747 1100 2828 Christiana,
1126 2759 1180 2812 aut
1195 2759 1284 2813 certo

294 2853 586 2940 patefaciendas:
622 2851 682 2920 hac
719 2877 794 2920 rero
828 2867 918 2944 parte
952 2853 1116 2919 ostendere
1149 2849 1282 2918 conabi-

300 2979 395 3036 mur,
423 2958 572 3049 deinceps
593 2955 625 3024 iri
650 2959 790 3026 Ecclesia
818 2957 929 3026 habita
951 2982 1016 3024 csse
1038 2968 1192 3046 μυστήρια
1213 2969 1280 3023 tum

300 3084 356 3126 res
378 3064 643 3146 abscondendus,
669 3076 735 3129 tum
758 3087 814 3127 res
835 3086 898 3128 uon
921 3063 1162 3154 intelligendas
1173 3062 1234 3148 (1)
1279 3061 1283 3074 ’

268 3153 274 3168 ’
347 3168 390 3233 At
413 3167 462 3232 rel
484 3168 529 3233 sic
548 3181 653 3233 tamen
676 3168 807 3233 minime
830 3167 905 3234 inde
925 3167 1201 3248 concludendum,
1225 3163 1280 3232 has

301 3271 535 3361 contemplandi
560 3274 695 3339 rationes
717 3273 850 3363 riguisse
874 3273 906 3337 iu
929 3271 1069 3340 Ecclesia
1095 3271 1184 3339 solus.
1224 3271 1279 3338 Uti

300 3389 443 3442 auctores
465 3380 616 3468 primaevi
634 3379 665 3443 in
685 3378 825 3444 Ecclesia
839 3361 1038 3461 Christiana,
1063 3379 1168 3444 Patres
1181 3377 1281 3466 Apos-

301 3479 403 3561 tilioi,
423 3505 527 3572 neque
551 3507 646 3550 uuam
670 3506 773 3573 neque
794 3483 925 3550 alteram
948 3482 1104 3581 sentiendi
1125 3482 1279 3548 rationem

336 3681 375 3753 (1)
410 3685 441 3736 ln
463 3691 625 3738 antecessum
648 3685 833 3752 observamur,
858 3685 931 3758 quod
956 3683 1017 3740 dein
1037 3692 1191 3739 constanter
1207 3683 1280 3737 cerui

300 3775 403 3837 polest,
429 3785 517 3834 rocem
545 3773 724 3824 abscondendus
746 3774 870 3842 junctam
893 3789 954 3824 cum
972 3789 1034 3825 voce
1052 3790 1093 3824 rea
1110 3769 1221 3837 intelligi
1245 3767 1281 3821 de

301 3851 394 3918 rebus,
421 3870 486 3924 quaa
511 3852 671 3908 ubecoutlcre
697 3853 846 3924 postulabat
870 3855 970 3908 indoles
987 3875 1018 3910 ac
1036 3862 1131 3908 natura
1149 3854 1278 3908 Ecclesiae

300 3935 474 3990 Christianae:
503 3955 577 3992 rocoa
603 3956 664 3992 vero
691 3959 730 3994 res
756 3959 807 3992 non
832 3944 1008 4010 iutellrpeudos
1025 3931 1111 4010 accipi
1129 3936 1163 3990 (le
1182 3936 1278 4005 rebus,

300 4039 368 4093 quae
380 4040 433 4076 non
446 4031 568 4092 poteraut
580 4025 700 4094 intelligi.
730 4023 816 4078 Ambo
833 4025 915 4095 igitur
932 4025 1061 4096 gerundia
1077 4041 1182 4080 murum
1200 4039 1282 4092 prae-

300 4106 366 4160 bent
383 4105 531 4174 diversum,
554 4105 675 4162 divisioni
693 4117 782 4164 autem
799 4118 826 4162 et
845 4111 1010 4180 inscriptioni
1030 4119 1133 4164 noetrae
1150 4105 1281 4162 rideban-

302 4202 346 4246 tur
363 4194 495 4264 aptissime
514 4193 648 4248 inservire.
