2958 5096
621 430 690 502 105

167 664 388 753 repetendam,
427 666 511 754 qnod
546 663 604 731 bac
646 667 768 731 ratione
803 665 947 756 religioni
977 666 1036 732 ribi
1069 690 1145 758 pro·
1166 677 1182 704 ”

166 769 327 856 posuerint
371 768 540 836 conciliare
573 771 726 859 majorem
759 769 911 837 honorem
945 794 982 838 ac
1016 770 1079 836 rim
1111 773 1143 837 iu
1237 769 1240 774 ’

165 873 282 938 animos
314 896 351 939 ac
383 896 485 940 mores
517 873 682 941 bominum
696 925 707 957 ,
740 877 766 941 si
800 897 913 942 arcana
936 873 1090 966 quaedam
1112 888 1144 942 et

164 1001 224 1042 non
262 977 408 1045 omnibus
451 977 604 1046 intuenda
646 1002 683 1046 ac
714 979 840 1046 scienda
866 982 1048 1070 jactarent,
1087 976 1146 1045 ab·

165 1081 247 1148 uude
271 1083 419 1174 probarit
448 1082 498 1148 rir
529 1082 570 1151 cl.
595 1109 626 1152 v.
651 1103 796 1153 1111111111
819 1104 979 1152 1111111111
996 1085 1059 1175 (1).
1105 1086 1144 1152 In

163 1187 249 1254 iestis
284 1186 383 1280 ipsis,
416 1199 551 1276 μυςήρια
576 1187 669 1255 dictis
683 1240 693 1271 ,
729 1211 811 1278 quae
837 1191 1030 1278 agebantur,
1063 1186 1142 1254 haec

162 1291 247 1358 neias
276 1305 345 1358 erat
374 1293 535 1384 prodere,
567 1306 599 1360 ct
629 1306 684 1359 aut
707 1296 868 1360 communi
892 1293 1056 1360 bominum
1084 1291 1142 1359 ad·

162 1397 283 1486 spectui
314 1421 492 1488 exponere,
531 1411 586 1465 aut
619 1398 719 1480 alios,
755 1422 818 1464 non
841 1399 1006 1479 initiatos,
1039 1399 1079 1468 de
1106 1398 1144 1464 iis

161 1500 328 1586 instruere.
375 1501 544 1569 Notissima
566 1521 716 1584 unusne,
743 1505 799 1593 qui
827 1504 976 1591 mysteria
999 1502 1143 1592 divulga·

161 1618 268 1686 rarat,
290 1626 494 1687 sucrnrautS,
518 1609 574 1698 qui
596 1631 633 1674 11
660 1631 767 1676 coram
784 1608 892 1674 amicis
905 1608 1045 1673 imitatus
1057 1620 1143 1686 1111,

157 1710 269 1801 poenis
301 1711 447 1802 gravibus
482 1712 693 1794 afflictorum,
724 1713 866 1804 exempla
889 1698 1015 1780 abunde
1039 1725 1144 1780 osten·

161 1815 262 1896 dunt,
299 1837 394 1905 quant
426 1816 570 1906 religiose
592 1815 671 1883 haec
691 1841 709 1884 a
733 1817 860 1887 Graecis
882 1817 1144 1899 observarentur,

162 1941 321 2010 quamque
343 1943 449 1988 serere
475 1921 522 1987 illi
548 1922 634 2012 ipsi,
658 1917 714 2011 qui
737 1923 906 1988 criminum
919 1921 1032 1989 talium
1044 1935 1144 1988 essent

160 2025 205 2090 rei
217 2073 228 2105 ,
248 2049 269 2090 a
285 2025 353 2092 Diis
376 2047 412 2091 er
433 2047 542 2091 eorum
568 2026 716 2116 opinione
737 2025 927 2116 punirentur
940 2025 1002 2115 (2).
1050 2026 1143 2092 Nefas

160 2141 190 2195 et
224 2143 318 2211 erat,
360 2129 399 2195 ad
439 2127 517 2195 baec
548 2151 636 2196 sacra
670 2130 820 2196 accedere
839 2128 983 2196 homiues
1005 2119 1142 2219 impios,

160 2231 360 2314 homicidas,
391 2235 613 2300 incantatores.
660 2234 796 2300 Maximo
823 2255 920 2324 porro
941 2232 1063 2300 honore
1086 2231 1144 2298 ba·

161 2337 340 2420 bebantur,
363 2337 408 2404 ita
426 2351 461 2404 ut
484 2351 516 2404 et
538 2339 637 2428 Reges
658 2339 883 2427 Principesque
898 2340 1038 2404 extranei
1053 2337 1144 2402 aride

56 2519 58 2529 ,
160 2443 196 2509 iis
217 2443 343 2510 initiari
365 2456 540 2531 cuperent:
570 2465 643 2510 nem
666 2443 705 2508 ad
727 2441 892 2508 hominum
913 2443 1143 2532 perfectionem

161 2561 191 2614 et
224 2547 415 2616 felicitatem
450 2559 544 2638 quam
577 2547 713 2614 maxime
734 2547 912 2614 conducere
934 2547 1143 2626 credebatur,

98 2728 103 2732 .
160 2653 184 2718 si
203 2651 255 2718 bis
279 2651 379 2727 illisve
403 2652 561 2740 mysteriis
584 2666 685 2718 essent
706 2652 836 2721 initiati.

203 2756 298 2844 Quod
315 2757 398 2822 enim
417 2757 455 2822 ad
475 2779 584 2822 eorum
597 2757 659 2822 rim
671 2758 801 2836 attinet,
820 2754 1019 2823 habebantur
1030 2758 1070 2822 ab
1084 2755 1145 2820 iui-

161 2861 245 2930 tiatis
271 2861 351 2926 male
381 2861 568 2927 multimoda
591 2874 756 2943 11111111,
780 2863 939 2926 terrestria
960 2861 1142 2938 maritima,

160 2967 415 3056 purificationem
439 2963 603 3032 hominum
626 2965 751 3031 efficere
763 2965 838 3054 (3),
861 2965 959 3053 magis
979 2963 1141 3030 ferendam

161 3073 296 3139 reddere
326 3069 492 3136 bominum
524 3071 620 3136 ritem
655 3081 687 3136 et
708 3083 824 3135 sortem
850 3069 883 3134 in
909 3071 1144 3150 futurororum

163 3176 346 3243 conditione
357 3172 426 3264 (4):
462 3175 580 3256 verbo,
613 3174 744 3241 initiatis
779 3176 860 3240 Deos
893 3197 987 3264 quam
1011 3172 1144 3238 maxime

163 3304 226 3348 esse
249 3303 443 3370 propensos,
466 3279 642 3346 communis
667 3279 728 3344 fuit
752 3280 946 3347 Graecorum
971 3278 1143 3368 persuasio.

165 3455 318 3472 —n—

196 3544 240 3615 (1)
278 3549 405 3615 Histoire,
423 3550 453 3601 P.
472 3551 505 3603 11.
524 3549 556 3602 Τ.
575 3549 619 3605 11.
637 3568 665 3617 p·
686 3549 832 3602 185-196.

196 3633 237 3704 (2)
277 3636 398 3702 Quorum
425 3636 531 3704 copiose
548 3635 667 3703 exempla
684 3632 791 3686 exbibet
808 3651 833 3686 v.
852 3651 874 3687 1.
893 3633 1061 3698 11111111,Ι,
1081 3633 1099 3685 i.
1119 3651 1145 3700 p.

163 3717 312 3770 811-313.

195 3801 236 3869 (3)
272 3803 345 3854 Hanc
362 3802 397 3856 ob
410 3821 520 3868 ‚cauum
537 3821 615 3873 saepe
632 3801 837 3873 appellabantur
850 3808 1011 3876 καθάρσια,
1033 3807 1149 3872 καθαρ-

163 3891 236 3952 μοὶ,
259 3885 357 3956 quibus
383 3887 477 3941 ritibus
497 3905 592 3957 nempe
610 3886 724 3960 subjecti
742 3897 820 3940 erant
830 3928 850 3963 ,x
866 3889 914 3960 qni
932 3888 1043 3941 erimine
1059 3885 1148 3955 atiquo

163 3973 262 4042 majore
279 3978 326 4022 asrt
343 3979 405 4025 actu
423 3971 539 4045 quodam
558 3981 671 4025 cruento
688 3973 728 4025 sei
746 3971 892 4038 indecoro,
910 3970 1033 4041 indiguos
1044 3985 1071 4022 se
1085 3965 1145 4020 red-

162 4051 290 4108 didissent
308 4053 398 4111 edesse
416 4059 545 4129 mysteriis
562 4075 645 4129 eaque
667 4056 807 4111 celebrare.

199 4142 239 4209 11)
274 4141 313 4196 Gi.
333 4161 443 4198 11111111
463 4145 570 4198 11111111,
592 4163 619 4215 p·
639 4142 681 4198 et.
701 4146 732 4197 Δ.
