2958 5096
684 708 687 723 ’
798 703 816 793 ς
850 706 905 768 48.

389 814 475 900 Quae
507 810 660 878 hactenus
680 806 837 888 diximus,
871 806 1015 872 universe
1042 803 1187 872 sufficere
1209 801 1332 894 possint

341 919 383 988 ed
416 929 555 986 nostram
586 913 767 982 solvendam
806 911 1033 1002 quaestionem.
1078 910 1215 990 ‚utentm
1249 931 1333 998 quae

344 1023 385 1093 de
407 1022 469 1090 loci
494 1021 597 1112 pretio
620 1017 854 1086 observavimus
879 1015 912 1091 in
934 1038 969 1082 re
993 1015 1194 1105 dogmatica,
1224 1014 1250 1080 si
1272 1011 1335 1080 hu·

340 1132 394 1216 jus
415 1138 636 1222 argpmentum
660 1123 806 1190 universe
828 1133 973 1212 spectas,
997 1143 1103 1188 ansam
1123 1119 1220 1186 etiam
1240 1140 1336 1208 prae·

345 1234 421 1308 bere
443 1243 573 1322 possunt
594 1228 755 1296 statuendi
778 1227 818 1294 de
841 1227 946 1322 pretio
969 1225 1074 1316 quoad
1096 1223 1233 1314 singulas
1256 1223 1337 1313 dop-

344 1337 475 1407 rnotices
506 1347 624 1428 partes.
670 1335 739 1402 Hac
770 1331 810 1400 de
842 1355 934 1399 causa
966 1353 1030 1398 non
1055 1353 1179 1398 necesse
1200 1352 1266 1396 esse
1288 1329 1335 1418 ri·

345 1443 439 1524 detur
472 1439 608 1531 singulos
641 1437 735 1528 hujus
769 1447 876 1529 partes
908 1459 1015 1504 omnes
1045 1456 1258 1526 percurrere,
1292 1455 1333 1501 ne

346 1545 520 1617 identidem
540 1557 726 1635 repetantur
748 1540 803 1608 hie
821 1541 889 1608 illic
914 1541 1073 1610 indicata:
1099 1540 1154 1606 sed
1178 1537 1334 1630 quaedam

347 1648 450 1716 adhuc
476 1649 594 1716 addere
619 1647 709 1714 luhet
732 1647 772 1712 de
788 1645 851 1712 loci
871 1647 996 1737 pretio,
1020 1645 1125 1736 quoad
1142 1643 1336 1734 dogmaticos

347 1769 471 1846 partem
494 1755 706 1844 grauissimam
731 1775 768 1819 ac
792 1751 1022 1843 praecipuam,
1053 1773 1177 1841 nempe·
1192 1747 1336 1818 Christo·

349 1859 476 1948 logiam.

395 1963 520 2054 Nempe
562 1962 602 2030 ed
648 1961 810 2031 Christum
860 1959 1018 2051 hujusque
1065 1959 1232 2056 pensilium
1276 1960 1337 2028 rite

353 2067 606 2150 aestimandum,
629 2067 735 2137 locum
759 2067 866 2158 magni
887 2065 984 2156 pretii
1010 2088 1160 2144 essenon
1184 2063 1340 2154 estquod

352 2172 548 2244 dubitemus,
605 2169 778 2238 Christiani
822 2169 908 2237 enim
948 2171 1016 2236 fere
1047 2172 1081 2236 in
1113 2167 1176 2236 hoc
1209 2191 1343 2246 consen·

342 2259 460 2358 hient,
492 2282 595 2366 ipsum
617 2299 703 2360 esse,
738 2276 794 2366 qui
815 2299 928 2358 noram
950 2273 1131 2344 exhibuerit
1153 2274 1345 2365 patefactio·

353 2403 449 2462 nem,
474 2402 511 2446 ac
532 2378 593 2448 hac
614 2380 738 2446 ratione
752 2379 1002 2470 patefactionem
1020 2378 1228 2448 universalem
1241 2378 1347 2446 adim·

353 2485 488 2578 plererit
512 2508 549 2552 ac
568 2485 693 2576 plenius
716 2485 911 2576 exposuerit.
956 2485 1154 2552 Dissentiunt
1181 2507 1254 2554 vero
1274 2507 1349 2574 gra·
1470 2529 1471 2580 7

355 2591 478 2658 vissime
512 2588 685 2656 Christiani
710 2591 743 2656 in
764 2590 880 2672 modo,
904 2612 968 2680 quo
989 2588 1072 2658 hanc
1095 2589 1348 2681 patefactionem
1470 2583 1471 2610 ¹

355 2694 418 2782 sihi
440 2694 592 2784 cogitent.
640 2695 722 2764 Sunt
748 2695 859 2778 enim,
883 2717 962 2784 quos
982 2693 1134 2786 loquendi
1157 2717 1249 2760 nsum
1266 2695 1347 2768 Jesu

357 2811 390 2866 et
422 2797 646 2890 Apostolorum
680 2811 788 2866 tenere
821 2798 981 2880 delectet,
1015 2798 1122 2890 quales
1155 2812 1228 2866 sunt
1259 2823 1292 2871 r.
1315 2823 1349 2870 c.
1470 2849 1471 2866 1

357 2906 463 2972 Patres
485 2903 646 2974 Ecclesiae
667 2905 816 2994 antiqui3
851 2917 925 2972 sunt
947 2904 1028 2987 alii,
1051 2905 1128 2998 qui,
1160 2903 1277 2972 caussis
1299 2899 1353 2970 his
1426 2959 1437 2974 .
1470 2879 1471 2896 χ

357 3008 419 3075 illis
442 3008 554 3090 ducti,
588 3007 681 3098 hujus
694 3009 924 3098 ‚patefactionis
954 3023 1138 3100 argumenta
1165 3009 1352 3101 pravissime
1470 3035 1471 3040 ¹

356 3135 424 3200 esse
451 3135 507 3194 res
539 3136 604 3180 non
635 3113 878 3204 intelligendas,
909 3114 973 3182 sire
993 3113 1042 3180 his
1066 3114 1223 3185 contineri
1248 3127 1349 3202 pete-

359 3219 530 3302 factionem
547 3221 693 3308 ‘ejusque
722 3217 851 3286 criteria
873 3220 1087 3310 profitentur,
1111 3219 1197 3308 quod
1227 3217 1262 3286 in
1287 3241 1354 3286 an·

293 3367 297 3377 »
329 3404 335 3430 ·
360 3323 577 3412 tecedentibus
607 3338 715 3415 operte
742 3325 905 3414 vidimus(
928 3327 962 3414 ):
996 3363 1041 3378 -··
1066 3325 1250 3417 paucissimi
1275 3347 1355 3394 saue

361 3499 515 3526 *μ’-

360 3609 363 3619 ’
398 3603 438 3676 (1)
474 3601 545 3658 andr
562 3611 673 3674 porrum
691 3603 720 3658 h.
741 3605 760 3659 Ι.
779 3603 929 3658 testimonia
947 3601 1003 3657 duo
1020 3605 1125 3660 serioris
1143 3605 1256 3675 aetatir3
1283 3624 1307 3660 s.
1330 3624 1358 3662 u.

361 3704 411 3744 m
427 3706 474 3743 nnn
490 3705 553 3743 anu
571 3697 668 3760 rogat,
690 3690 777 3744 Viords
796 3691 898 3756 Tierua!
914 3690 1031 3743 homost.
1051 3688 1127 3743 1826.
1140 3687 1179 3744 hl.
1193 3691 1261 3756 11³,
1282 3691 1363 3744 tlte

362 3773 444 3832 »Zeu
460 3773 516 3826 niet
533 3773 581 3828 het
597 3772 816 3845 onhogrijpoiijho
833 3771 912 3828 deser
930 3771 1140 3844 vorhorgonheid
1157 3775 1229 3828 zolro
1245 3792 1296 3828 ons
1316 3783 1356 3828 tot

363 3875 412 3914 sen
421 3857 557 3932 woerborp
568 3857 862 3932 hnmr'Goddoiijhheid
873 3859 982 3927 konnen
995 3859 1202 3914 asserentum
1219 3885 1256 3900 -
1272 3868 1357 3932 atque

365 3950 445 4014 putat
471 3960 497 3997 u.
526 3961 551 3999 ι.
578 3959 729 4012 murense,
757 3943 881 4015 Eooopol.
909 3945 1051 4000 lshrbach.
1070 3945 1119 3999 111.
1137 3945 1165 4000 S.
1185 3945 1228 4000 13.
1265 3947 1359 4021 Iaeipr.

368 4027 450 4081 less:
479 4027 560 4080 »Dor
585 4026 669 4080 Kern'
683 4025 826 4096 gottlichor
843 4027 1031 4100 Cisenharung
1049 4046 1120 4082 murs
1137 4029 1166 4080 in
1184 4021 1364 4084 Gehoimnis·

368 4129 415 4168 oon
430 4111 574 4180 hmtshsn,
600 4113 629 4166 in
646 4111 872 4184 Mitthoilungen,
898 4111 980 4168 doro·
998 4113 1078 4168 solies
1093 4111 1279 4169 Versttndniss
1301 4111 1365 4171 unul

369 4197 452 4253 roilor
468 4197 568 4252 conns
586 4212 639 4254 nur
654 4194 709 4282 don
725 4197 937 4270 Gottgowoihton
954 4196 1113 4272 angtnptich
1131 4197 1196 4252 ist·”
