2938 5080
626 474 672 544 sl

603 714 621 797 ς
643 717 697 778 aa.

543 838 761 930 Sols'ssootr'o.

206 976 328 1046 Ultimo
348 977 418 1044 loco
441 977 480 1045 ad
500 981 650 1068 mysteria
666 981 852 1059 referimus,
873 1001 910 1044 ex
923 991 1029 1043 mente
1041 975 1145 1042 Theo·

156 1077 329 1171 lagonam,
353 1083 463 1172 dogma
487 1083 528 1150 de
548 1085 769 1152 satisfactione.
803 1083 929 1150 Etenim
952 1105 1063 1171 saepe,
1088 1105 1143 1148 ra·
1182 1103 1187 1114 ·

156 1185 228 1251 rius
251 1200 355 1253 tamen
379 1211 474 1278 quarn
492 1187 650 1280 'dogmata
674 1191 841 1280 quaejam
863 1187 1048 1266 citavimus,
1081 1185 1144 1253 hoc

156 1293 348 1380 mysterium
369 1292 473 1358 uocari
484 1341 495 1374 ,
517 1295 680 1362 ostendere
700 1314 863 1385 possumus
876 1292 938 1381 (l).

159 1631 305 1704 proliciunt
327 1633 401 1704 apud
418 1635 564 1688 humanum
581 1629 737 1705 ingenium,
760 1632 834 1706 quod
851 1652 878 1688 so
896 1635 1011 1688 coerceri
1029 1651 1082 1688 son
1103 1642 1147 1688 te-

160 1735 237 1771 more
254 1721 383 1788 patitur.”
418 1721 508 1774 Iunis.
527 1722 556 1772 L·
577 1722 623 1773 llls
642 1737 666 1773 c.
685 1720 754 1773 ΧΧΙ.
775 1723 792 1789 §
810 1721 835 1772 3.

107 1825 112 1830 ·
200 1802 291 1869 Alibi,
310 1803 354 1856 ubi
374 1805 493 1876 loquitur
510 1803 544 1856 de
561 1805 611 1870 iis,
629 1805 695 1875 qui,
713 1805 799 1875 aquia
816 1804 905 1868 Deus,
921 1803 1020 1872 eligans
1036 1819 1085 1855 suo
1101 1819 1147 1854 ar·

160 1886 246 1942 bitrio
271 1887 420 1959 quosdam,
450 1887 514 1941 alios
541 1889 687 1956 praeterit,
714 1890 788 1941 litem
814 1889 838 1940 ei
856 1885 1038 1952 intendunl,''
1063 1885 1148 1940 dicit:

159 1972 213 2025 »Si
230 1969 265 2024 atl
281 1989 403 2041 personas
426 1974 592 2037 transiliant,
619 1971 664 2024 ubi
685 1974 766 2040 magis
783 1971 874 2024 odiosa
892 1972 944 2024 illis
963 1980 1003 2024 est
1020 1972 1148 2042 inaequa-

159 2058 240 2120 litas,
258 2057 350 2109 saltem
367 2055 403 2110 sd
419 2057 515 2110 Christi
532 2057 681 2127 exemplum
699 2054 837 2108 debebunt
853 2073 1044 2124 expavescere,
1066 2073 1098 2108 ne
1116 2052 1151 2108 sle

162 2139 270 2196 sabtini
289 2141 341 2194 lroo
358 2142 482 2212 mysterio
502 2151 556 2194 tam
573 2158 665 2194 secure
682 2142 810 2210 garriant.
845 2141 1151 2213 Concipitnrexsemine

164 2224 270 2279 Daridis
296 2228 412 2279 mortalis
442 2227 543 2280 homo:
574 2224 672 2297 quibus
702 2225 844 2279 virtutibus
873 2229 1046 2300 promeritum
1070 2226 1151 2278 luisse

163 2309 257 2364 diasat
275 2321 305 2364 ut
321 2311 349 2363 in
367 2313 424 2381 ipso
444 2321 519 2365 utero
536 2310 612 2364 fieret
630 2319 712 2384 oaput
729 2309 912 2380 Angelorum,
931 2313 1081 2381 unigenitus
1101 2309 1151 2386 Ilei

162 2393 234 2448 filins
243 2434 253 2459 ,
271 2395 358 2465 imago
374 2405 401 2448 ct
419 2398 502 2466 gloria
520 2396 623 2460 Patris,
641 2397 702 2459 lux,
718 2397 823 2466 justitia
835 2405 862 2448 et
874 2397 942 2448 salus
954 2393 1069 2448 usundi?
1095 2395 1154 2446 lloc

165 2477 315 2548 prudenter
330 2479 516 2532 animadvertit
535 2497 691 2544 snorsrrsus,
711 2480 738 2532 in
757 2481 815 2548 ipso
833 2480 963 2532 Ecclesiae
982 2481 1069 2548 capite
1081 2479 1151 2530 luci·

163 2560 355 2616 dissimumesse
368 2566 498 2634 gratuitae
514 2565 648 2618 electionis
659 2565 828 2633 speculum.”
841 2566 868 2617 la.
887 2559 960 2617 laud.
981 2581 1006 2617 c.
1024 2563 1107 2616 xxn.
1120 2564 1147 2618 1.

202 2649 348 2701 Concilium
358 2648 543 2702 Tridentinum
555 2670 561 2702 ι
581 2670 597 2702 n
605 2650 686 2702 Nemo
697 2666 820 2720 quoque,
835 2646 963 2720 quamdiu
974 2650 1002 2700 in
1016 2648 1065 2700 hae
1076 2663 1151 2700 mor·

113 2731 123 2744 '
166 2724 268 2785 talitate
286 2733 401 2797 vivitur,
421 2732 454 2787 ds
471 2751 569 2787 arcano
585 2733 691 2786 divinae
709 2732 954 2802 praedestinationis
971 2734 1095 2802 mysterio
1108 2749 1154 2784 us-

166 2833 220 2887 que
234 2815 301 2868 adeo
319 2835 485 2886 praesumere
503 2817 603 2884 debet,
624 2827 653 2870 ut
670 2828 745 2874 certo
762 2826 863 2869 statuat
878 2834 906 2870 se
924 2819 1033 2870 omnino
1050 2835 1105 2870 esse
1122 2816 1150 2868 in

167 2917 279 2954 numero
297 2901 589 2970 praedestinatorum.”
627 2903 694 2956 Sars.
715 2903 760 2954 vt.
781 2919 840 2970 cap.
862 2903 902 2954 12.

203 2986 347 3050 Jsssasrns,
366 2988 393 3039 in
404 3005 484 3057 opero
493 2989 668 3058 Augustinus,
688 2987 836 3055 praemittit
847 2986 930 3040 Tomo
941 2984 1072 3040 secundos
1092 2990 1154 3037 nls'-

169 3075 239 3125 lrsrs
262 3078 455 3140 promisistis,
485 3073 513 3126 in
541 3090 595 3144 quo
622 3072 717 3124 limitas
745 3071 875 3124 humanas
901 3072 1010 3124 rationis
1029 3071 1056 3122 in
1076 3069 1153 3124 rebus

169 3156 333 3230 theologicis
355 3154 536 3228 indagantur,
560 3167 587 3210 et
610 3157 753 3210 auotoritas
771 3157 798 3208 S.
818 3157 959 3226 Augustini
976 3158 1004 3210 in
1024 3153 1154 3208 tradendo

171 3241 296 3310 mysterio
315 3239 562 3294 Praedestinationis
579 3249 606 3293 et
624 3242 724 3311 gratiae
740 3237 921 3296 declaratur?

204 3323 245 3394 (1,)
284 3325 412 3395 &arsenio
441 3327 560 3394 Belgica,
588 3333 729 3396 postquam
757 3335 847 3392 agerat
872 3327 942 3378 Seot.
961 3325 1036 3378 XXl:
1074 3325 1153 3376 »Van

168 3407 204 3462 ‹ta
220 3409 394 3480 voldoeningo
410 3410 505 3462 Christi
523 3428 601 3464 onzes
612 3411 720 3480 eenigen
735 3409 979 3478 linogenpriesters,
998 3425 1061 3460 soor
1072 3409 1155 3473 ons,'‘

169 3493 237 3546 Sect.
250 3493 349 3559 .xxu,
374 3495 439 3547 haec
457 3493 551 3548 addit:
583 3496 660 3564 »wtj
678 3495 804 3563 gelooven
822 3491 869 3546 dat
886 3510 930 3544 om
948 3509 1018 3544 ware
1037 3491 1155 3544 leonissa

167 3575 248 3630 doner
275 3585 367 3646 grooto
390 3577 599 3650 verborgenlseid
626 3588 652 3632 te
679 3577 828 3715 begonsen,
855 3575 889 3630 ds
915 3577 1014 3646 ilcilige
1033 3577 1110 3630 Geost
1127 3576 1155 3630 in

168 3677 235 3714 onze
253 3659 346 3714 hasten
365 3664 497 3716 cntsteekt
514 3682 562 3716 eon
581 3669 677 3732 opregt
694 3680 726 3731 ge
738 3679 801 3715 oove
813 3661 840 3726 ,”
857 3677 914 3712 ena.

204 3745 276 3798 Yrsu
295 3755 323 3798 et
339 3763 462 3800 assason:
488 3750 578 3800 ¹silet
600 3746 711 3800 versolsil
735 3749 762 3798 in
786 3747 909 3816 gevoelen
934 3744 1055 3798 tusschen
1078 3742 1156 3798 beide

170 3831 355 3898 Hoogloersars
365 3833 381 3858 '’
403 3834 529 3901 (nonnus
545 3841 573 3885 et
591 3833 721 3896 rasurus)
739 3851 755 3882 s
765 3848 817 3884 was
833 3828 942 3884 uuerde
954 3832 1007 3883 leer
1017 3829 1066 3884 der
1076 3847 1156 3884 soor—

169 3913 365 3984 rsrordsning,
380 3913 414 3966 de
432 3914 591 3986 roldoening
609 3934 658 3969 van
676 3915 793 3968 Christus
807 3949 904 3970 .....
942 3916 994 3968 Dat
1013 3914 1071 3983 uod
1082 3931 1155 3966 sons-

171 4002 259 4068 ntipsn
279 3999 408 4065 ,serioreu
432 4000 486 4054 had
510 4011 550 4054 ter
568 3999 716 4070 nalighaid,
744 3999 791 4054 dat
809 3999 926 4054 Christus
943 4016 1006 4052 soor
1023 3997 1156 4051 zoodaren

167 4082 278 4138 votdssn
298 4083 351 4136 tad
368 4101 443 4150 eun,
471 4103 560 4140 waren
584 4083 756 4150 waarhedsn,
782 4093 970 4138 wasromtrent
993 4081 1069 4136 beide
1089 4099 1150 4152 psr·
1204 4142 1211 4159 Ι

169 4171 233 4241 ιῇιιιι
252 4168 375 4221 tretecus
393 4184 495 4239 waren,
511 4189 587 4224 maer
605 4170 639 4222 do
650 4168 799 4240 bijnondere
810 4169 956 4240 donkwijne
977 4165 1156 4247 aaaelledsr
1231 4191 1235 4200 ·
