2958 5096
800 482 870 554 150

341 719 443 782 nitate
471 713 565 806 bujus
591 739 649 807 per
669 719 819 806 passionis
842 718 1017 808 mortisque
1038 716 1116 783 Jesu
1140 713 1260 782 Christi
1280 719 1330 782 in-

311 832 518 908 ⁸terventum
557 829 665 888 veniae
703 821 886 890 bominibus
926 820 1086 913 parandae
1122 821 1208 887 modi
1244 819 1327 887 nihil

342 927 421 994 uerti
451 951 474 992 a
497 930 637 1017 priori,
675 928 759 1018 quod
792 931 901 1018 ajunt,
933 928 997 994 diei
1026 927 1170 1017 possit,”
1200 939 1251 995 et:
1281 951 1329 992 »a

341 1031 433 1096 nobis
454 1053 549 1113 vero,
572 1055 764 1122 quamquam
786 1014 911 1124 blenior
932 1032 1026 1121 hujus
1047 1033 1093 1098 rei
1115 1032 1227 1098 notitia
1247 1031 1331 1097 vitae

343 1133 470 1200 demum
494 1136 619 1202 futurae
639 1151 793 1204 reservata
814 1138 992 1206 videatur'’
1006 1135 1079 1226 (1),
1098 1160 1167 1226 sqq.
1206 1138 1252 1204 Ex
1276 1138 1331 1226 ip-

342 1241 405 1305 sius
435 1241 537 1331 igitur
566 1259 759 1310 uuuutnuuu
792 1244 947 1309 sententie
983 1241 1037 1310 bie
1066 1265 1160 1308 nexus
1188 1241 1331 1332 aptiori

344 1345 493 1412 constitui
514 1343 607 1436 piane
621 1357 689 1412 'non
711 1360 814 1437 potest
841 1349 914 1436 (nee
937 1369 954 1410 a
973 1348 1050 1414 Jesu
1072 1348 1140 1438 ipso
1162 1347 1331 1436 perspicue

344 1449 512 1539 explicatus
539 1463 585 1516 est
599 1453 691 1539 (2)),
723 1475 786 1542 qua
816 1451 856 1518 de
884 1475 975 1517 causa
1006 1453 1038 1518 iu
1066 1475 1104 1517 eo
1128 1452 1218 1542 origo
1244 1451 1330 1516 inve·

345 1555 460 1620 uieuda
483 1569 548 1636 est,
573 1579 630 1623 our
653 1557 767 1622 dixerit
791 1579 857 1622 rem
879 1580 941 1624 non
963 1556 1214 1646 intelligendam.
1249 1557 1334 1622 Ean·
1361 1567 1362 1571 ’

345 1658 418 1726 dem
440 1673 472 1726 et
493 1662 680 1728 sententiam
702 1662 841 1728 invenias
863 1663 895 1727 in
916 1685 1011 1752 opeue
1029 1662 1212 1752 periodieo:
1243 1662 1335 1729 God-

346 1767 497 1852 9eieerde
520 1766 735 1857 Budragen(
760 1770 785 1854 ).

392 1871 434 1936 At
453 1893 527 1936 sero
550 1869 631 1937 bauo
653 1895 739 1951 rem,
761 1895 842 1962 quae
864 1896 881 1938 a
899 1873 975 1940 iesu
994 1894 1057 1936 nou
1079 1885 1158 1938 esset
1178 1870 1359 1961 explicata.

346 1997 381 2040 ex
404 1995 600 2044 uuuuuomt
622 1978 775 2044 sententia
788 2028 797 2058 ,
822 1979 880 2044 sibi
905 1978 1091 2056 sumebant,
1121 1991 1156 2043 ut
1178 1977 1333 2057 vidimus,

347 2080 483 2168 cujusvis
516 2081 585 2170 aevi
613 2081 756 2148 homines
792 2085 833 2148 ab
867 2084 953 2148 omni
986 2094 1076 2173 parte
1113 2081 1267 2167 definire,
1302 2095 1336 2148 et

347 2184 476 2272 quidem
509 2188 632 2276 saepius
666 2213 683 2254 a
710 2189 832 2278 priori,
860 2211 924 2256 nou
952 2187 1073 2254 biblico
1100 2187 1154 2254 sed
1189 2186 1337 2278 pbiloso-

346 2287 443 2380 pbioo
462 2292 556 2358 modo
577 2307 702 2382 agentes
731 2292 793 2360 bae
815 2295 847 2359 iu
870 2317 905 2360 re
919 2291 980 2384 (4).
1027 2295 1069 2359 Et
1091 2290 1178 2358 huno
1198 2315 1337 2373 uenum,

350 2418 444 2485 quem
480 2397 524 2462 ita
552 2398 685 2464 definire
718 2400 777 2464 sibi
811 2399 997 2483 sumebant,
1028 2397 1210 2487 saepissime
1240 2398 1338 2464 nimis

348 2501 553 2568 arbitrarium
581 2505 641 2569 sibi
670 2504 852 2594 fingebant,
882 2516 979 2594 atque
998 2503 1038 2568 ab
1061 2504 1147 2568 omni
1166 2515 1257 2592 parte
1275 2503 1336 2568 mi·

349 2605 482 2670 randum
501 2608 565 2694 (5).
621 2609 733 2698 Tropis
769 2606 830 2673 hae
864 2608 903 2674 de
942 2631 977 2674 re
1012 2605 1137 2674 biblieis
1164 2609 1338 2674 utebantur

348 2712 561 2800 proprie,‚et
584 2714 712 2802 insuper
737 2737 803 2779 rem
830 2715 1051 2804 proponebant
1077 2715 1199 2796 sormi,
1227 2713 1338 2803 singu·

348 2813 407 2880 lari
438 2828 562 2882 tantum
598 2832 700 2884 aetate
733 2817 877 2898 valente,
914 2843 941 2885 v.
978 2842 1006 2886 e.
1039 2820 1228 2907 sacrificii,
1259 2839 1338 2882 voce

347 2921 543 2987 strictissimo
578 2945 669 2988 sensu
707 2925 820 2990 sumti.
881 2923 970 2990 Tales
1013 2923 1205 3000 sententias,
1240 2921 1337 2988 semel

347 3026 507 3118 prolatas,
539 3036 682 3094 auetor‘es
709 3051 886 3117 eorumque
917 3051 1065 3118 sequaoes
1087 3028 1203 3094 acriter
1229 3028 1336 3094 deien-

348 3133 465 3198 debant
486 3124 594 3198 oontra
621 3132 711 3198 aliter
734 3134 913 3199 sentientes.

396 3237 621 3304 concludimus
661 3261 758 3326 ergo:
797 3241 963 3328 originem
997 3237 1237 3316 diversitatis,
1276 3257 1343 3325 qua

349 3341 533 3428 mysterium
564 3339 708 3406 habitum
734 3341 774 3407 sit
796 3365 846 3406 res
878 3364 940 3406 non
970 3339 1201 3430 intelligenda,
1230 3340 1342 3429 quoad

349 3445 625 3526 satisfactionem,
660 3449 761 3510 situm
791 3469 862 3510 esse
890 3451 925 3510 in
967 3447 1066 3532 liujus
1108 3448 1343 3535 expositione,

349 3574 437 3642 quae
457 3553 498 3616 ob
525 3553 578 3616 bis
602 3553 717 3615 illisve
741 3551 918 3641 Theologis
943 3559 975 3614 et
996 3551 1037 3615 ab
1060 3553 1217 3616 Ecclesia
1232 3551 1351 3639 profi-

346 3821 349 3832 ·
389 3793 430 3859 (l)
464 3790 503 3842 Gi.
523 3791 538 3859 §
556 3791 599 3844 33.

388 3877 429 3945 (2)
465 3873 524 3928 vid.
543 3867 601 3947 ejus
621 3875 710 3928 Gessit.
730 3878 773 3928 dar
792 3875 922 3928 Mensoiit·
944 3874 987 3926 lX.
1008 3875 1066 3928 123.

388 3961 431 4029 (3)
467 3959 698 4014 vunattatibt.

390 4045 430 4116 (bi
472 4044 561 4097 Gessit.
582 4049 607 4097 d.
628 4046 756 4096 stennon.
779 4043 813 4094 IX
830 4083 838 4109 ,
854 4052 976 4096 notarum
998 4063 1023 4115 p.
1044 4045 1086 4096 st.

390 4129 429 4198 (5)
463 4127 503 4182 cf.
533 4146 556 4182 v.
577 4145 753 4192 n.w1m1oau,
788 4131 878 4181 Wsson
906 4131 948 4182 des
968 4123 1174 4194 insistendem,
1201 4126 1247 4182 ed.
1269 4129 1354 4200 2ἆιο,

356 4233 384 4283 p.
404 4213 466 4266 272.
