2938 5080
778 475 825 547 56

311 731 424 799 nempe
462 709 633 800 periodus,
672 708 746 776 inde
777 733 795 776 a
830 713 960 777 vocibus
991 714 1296 799 στύλος-ἀληθείας,

311 813 476 880 referenda
499 827 578 880 esset
600 814 638 878 ad
661 835 769 880 vocem
792 815 962 901 ἐκκλησία,
977 815 1150 906 langueret
1172 819 1293 887 oratio:

312 918 471 1005 quomodo
504 917 588 984 enim
622 918 660 982 ad
699 918 793 984 talem
824 919 1013 986 sententiam
1035 921 1191 1009 quadrent
1215 944 1297 1012 quae

309 1037 484 1111 sequuntur
514 1029 564 1090 nal
588 1025 872 1109 οόιολογοομείοος.ρ
919 1025 1062 1109 Quonam
1087 1027 1295 1092 reserantur?

309 1128 473 1193 Praeterea
496 1127 591 1193 etiam
618 1131 780 1216 sequentia
802 1130 1015 1208 confirmant,
1040 1129 1083 1193 ita
1106 1153 1172 1195 esse
1191 1129 1297 1218 legen·

310 1231 385 1296 dum
416 1246 448 1297 et
478 1233 706 1322 disponendum
738 1232 864 1301 locum:
899 1247 1065 1322 postquam
1089 1231 1174 1299 euim
1201 1257 1293 1324 prae·

311 1339 442 1426 cipuum
472 1351 503 1402 et
530 1337 719 1425 palmarium
751 1337 911 1426 religionis
941 1336 1138 1405 Christianae
1159 1339 1292 1428 dogma,

310 1427 455 1528 ejusque
473 1441 712 1508 fundamentum
740 1443 975 1532 proposuisset,
1001 1444 1103 1532 pergit
1122 1443 1178 1512 tv.
1204 1452 1219 1512 l
1246 1443 1296 1509 di·

310 1545 435 1624 cendo,
470 1567 532 1609 non
566 1545 651 1610 omni
685 1558 827 1634 tempore
857 1569 964 1612 omnes
985 1545 1046 1612 hoc
1070 1547 1184 1636 dogma
1204 1569 1295 1638 prae-

312 1650 441 1739 cipuum
466 1673 502 1716 ac
525 1649 715 1740 palmarium
741 1648 904 1716 habituros
927 1675 1002 1717 esse.
1050 1653 1091 1718 Et
1113 1652 1178 1727 ita,
1210 1649 1295 1718 hisce

312 1776 427 1844 nempe
456 1757 622 1845 expositis,
654 1756 709 1822 lv.
732 1761 752 1820 6
773 1755 856 1820 redit
879 1755 918 1822 ad
942 1756 996 1834 id,
1022 1755 1062 1820 de
1088 1778 1151 1846 quo
1175 1755 1295 1821 dixerat

313 1859 373 1926 Ill.
409 1865 469 1938 15,
504 1859 589 1948 quali
621 1881 739 1948 nempe
771 1861 892 1925 ratione
923 1860 984 1950 ipsi
1005 1873 1084 1926 esset
1108 1861 1295 1926 versandum

262 1961 264 1966 ’
316 1961 349 2027 ἱο
372 1962 513 2028 Ecclesia
535 1961 724 2030 Christiana.
802 2035 810 2050 ,

277 2119 282 2122 >
362 2072 463 2144 llaec,
490 2094 572 2160 quoe
599 2071 639 2136 de
662 2068 867 2161 dispositione
887 2072 948 2139 loci
971 2074 1205 2162 praemonenda
1231 2096 1294 2140 esse

314 2174 523 2257 ridebantur,
560 2175 734 2241 faciliorem
766 2175 857 2240 nobis
889 2176 928 2242 ad
959 2177 1020 2242 aliu
1049 2177 1171 2243 aditum
1201 2201 1297 2269 prae-

316 2279 449 2367 bebunt²

358 2384 519 2450 Facillime
552 2386 617 2452 visu
640 2399 708 2466 est,
742 2385 870 2463 omnia,
906 2383 979 2480 iude
1004 2409 1021 2451 a
1045 2388 1148 2451 verbis
1169 2393 1293 2478 ὃς-δόξῃ

311 2512 328 2553 ο
363 2489 459 2554 ΡοοΙο
492 2489 604 2554 referri
637 2490 675 2554 ad
707 2495 741 2556 τὸ
764 2501 944 2576 μυστήριον.
994 2490 1051 2558 ΙΙΙο
1072 2491 1193 2581 igitur,
1219 2515 1297 2584 quae

311 2592 357 2656 ibi
378 2593 509 2669 effatur,
547 2594 745 2658 constituunt
768 2616 807 2659 ex
829 2593 918 2659 Pauli
941 2607 1050 2660 mente
1071 2602 1105 2663 τὸ
1131 2610 1298 2684 μυστήριον

311 2697 392 2782 μέγα
423 2709 455 2762 et
486 2703 541 2764 adr
574 2700 686 2766 arctoo
720 2703 773 2763 uod
803 2707 837 2764 τὸ
868 2702 1035 2783 ἑδραίωμα.
1060 2735 1104 2748 --
1128 2701 1298 2768 Ratiotcur

312 2800 480 2890 Apostolus
501 2799 554 2867 hlc
576 2803 646 2867 voci
666 2813 833 2890 μυστήριον
857 2802 952 2868 addat
975 2803 1169 2889 articulum,
1201 2829 1299 2894 quae·

312 2906 409 2974 reuda
436 2919 482 2971 est
507 2906 539 2971 in
566 2929 622 2984 eo,
654 2907 739 2996 quod
766 2908 805 2974 sit
828 2908 1006 2995 subjectum
1028 2909 1178 2974 orationis
1204 2932 1299 2976 accu-

312 3028 380 3080 rate
404 3010 632 3080 definiendum.
1236 3009 1242 3038 ''

358 3117 504 3201 Quamvis
545 3117 750 3205 caeteroquin
794 3138 856 3182 nou
893 3120 1035 3182 nostrtim
1067 3129 1134 3200 est,
1173 3131 1295 3198 tantas,

313 3233 448 3310 quantae
481 3219 520 3284 de
549 3219 737 3286 lectionibus
768 3225 808 3300 ὃ,
836 3227 869 3298 ὃς
902 3235 933 3286 et
957 3225 1031 3299 θέος
1053 3223 1188 3310 agitatae
1212 3223 1299 3304 sint,

314 3346 504 3414 componere
526 3324 616 3403 littra,
651 3339 754 3390 tamen
778 3323 893 3392 addere
916 3325 1026 3405 lubet,
1057 3349 1123 3391 rem
1146 3327 1230 3417 quod
1259 3327 1300 3392 ad

313 3443 454 3494 nostrum
475 3442 693 3518 argumentum
716 3429 848 3509 attinet,
870 3429 980 3495 codem
1004 3431 1130 3512 redire,
1157 3455 1229 3497 cum
1258 3433 1299 3499 ab

315 3533 460 3601 omnibus
480 3534 588 3600 saltem
611 3535 822 3616 coucedatur,
847 3558 1023 3601 sermonem
1047 3560 1111 3602 esse
1134 3537 1174 3601 de
1194 3539 1295 3619 desu;

313 3639 487 3704 novissimis
515 3653 621 3704 autem
655 3639 850 3728 temporibus
870 3639 1025 3730 praeferri
1049 3641 1217 3707 lectionem
1241 3648 1298 3722 ὃς,

315 3755 355 3808 ut
375 3767 404 3810 a.
431 3767 459 3832 g.
486 3744 522 3809 fis
554 3768 575 3808 a
603 3761 843 3824 caussatorem,
875 3764 1110 3826 aaronicasro,
1143 3765 1295 3829 varnno,

317 3845 395 3912 aliis.

279 4015 283 4028 ,
360 3953 432 4018 lam
465 3975 538 4016 vero
569 3953 740 4018 dictionem
770 3961 914 4039 ὃς-οαρκὶ
949 3955 1146 4048 referendam
1168 3977 1233 4020 esse
1257 3955 1297 4020 ad

313 4061 390 4127 Jesu
426 4059 457 4121 iu
489 4058 579 4122 terris
605 4057 858 4147 apparitionem,
888 4077 919 4124 et
944 4059 1112 4126 convenire
1141 4082 1213 4125 cum
1238 4058 1297 4144 iis,

316 4185 396 4253 quae
414 4181 575 4230 tcfluuttus
597 4163 695 4232 dicit:
715 4172 732 4234 o‘
753 4167 843 4250 loyce
869 4169 943 4254 σὰρξ
965 4169 1110 4248 ἐγένετο,
1132 4186 1235 4254 neque
1247 4177 1294 4232 est
