2958 5096
811 504 883 575 tet

346 739 425 808 duos
446 754 566 808 eruore
588 739 689 824 iiiios,
723 753 800 821 unt,
824 741 850 806 si
873 763 890 805 ι
911 739 993 806 uitio
1005 788 1015 820 ,
1037 737 1195 829 Spiritum
1212 737 1247 806 S.
1277 761 1332 805 ue-

343 859 452 935 potem
482 845 583 912 Petris
610 844 743 910 eredere
755 853 789 924 ,”
813 856 893 911 oret.
942 844 985 910 At
1018 863 1219 913 ururststus
1252 843 1330 924 iste,

344 947 422 1015 huie
452 949 627 1015 dilemmrti
662 948 854 1040 respondere
887 947 1014 1030 uolens,
1048 947 1213 1014 eudeeium
1243 971 1331 1013 erro·

344 1068 470 1144 gentem
491 1077 556 1119 esse
579 1053 789 1133 existimarit,
823 1052 909 1142 quod
934 1051 1050 1118 velient
1077 1065 1225 1118 naturum
1247 1052 1330 1117 diri-

345 1181 418 1224 nem
448 1158 641 1248 perscrutari
671 1172 766 1248 utque
794 1157 882 1247 loqui
905 1157 945 1222 de
966 1157 1090 1222 duobus
1110 1179 1174 1222 non
1197 1178 1329 1246 generu-

344 1263 405 1344 tis‚
426 1276 480 1327 eut
503 1262 543 1328 de
562 1263 685 1328 duobus
709 1263 802 1332 filiis:
831 1286 863 1329 se
884 1285 1000 1351 nempe
1025 1284 1099 1327 eum
1122 1262 1184 1326 suis
1208 1261 1329 1326 diserte

343 1367 586 1458 pronunciasse,
622 1368 707 1458 quod
742 1380 816 1434 ente
846 1371 998 1445 Putrem,
1035 1365 1208 1431 seeundum
1231 1364 1331 1452 scrip·

344 1484 448 1537 turum
482 1471 538 1551 S.,
573 1494 636 1536 nou
669 1471 749 1536 elius
782 1471 920 1538 adiuerit
959 1471 1067 1551 Deus,
1098 1479 1139 1536 ‘ee
1169 1468 1268 1534 Filius
1291 1467 1332 1533 sit

344 1576 531 1664 Unigenitus
542 1577 606 1662 (1)
653 1579 722 1643 luto
755 1577 852 1666 ipsius
878 1576 1014 1643 Concilii
1040 1573 1331 1663 Constantinopoli-

343 1679 409 1746 tuni
443 1682 639 1770 temporibus
668 1683 737 1769 jum
771 1681 889 1764 fuisse,
926 1681 982 1770 qui
1015 1703 1079 1744 uon
1115 1679 1329 1768 approbarent

343 1783 521 1850 doctrinam
545 1784 816 1866 Eeelesiustieam,
840 1807 878 1850 ee
900 1784 1100 1875 disputarent
1118 1783 1158 1848 de
1178 1781 1332 1848 relatione

343 1888 460 1956 Filium
484 1890 567 1955 iuter
590 1903 623 1956 et
646 1891 794 1969 Patrem,
827 1890 942 1980 probet
966 1890 1068 1956 oratio
1091 1907 1250 1958 sennenn
1273 1907 1332 1954 rte·

343 2013 509 2074 muneri,
541 2016 638 2083 quum
670 1994 709 2058 ed
733 2008 937 2084 congregatos
961 1994 993 2058 in
1020 1992 1198 2060 Concilium
1224 1993 1332 2058 Putres

343 2096 468 2167 hebuit.
516 2099 584 2164 flue
607 2121 721 2188 nempe
742 2122 819 2181 eos,
845 2100 900 2190 qui
924 2099 1048 2165 curiose
1069 2097 1277 2184 iuquirebant
1300 2097 1332 2162 in

344 2203 580 2293 generationem
593 2204 652 2268 nei
665 2205 710 2288 (J.
723 2202 793 2291 0.),
808 2218 841 2270 et
853 2205 970 2280 exitum
984 2202 1170 2293 (Spiritus),
1192 2202 1248 2291 qui
1260 2200 1333 2266 nul-

346 2308 385 2373 lis
407 2308 510 2374 verbis
530 2307 683 2397 explieeri
703 2321 830 2397 potest,
853 2323 973 2376 temere
991 2308 1190 2373 divinitatem
1208 2308 1334 2372 detrec·
1444 2317 1445 2344 ¹

345 2425 413 2479 tare
447 2415 603 2480 affirmet:
645 2435 682 2478 eo
715 2414 741 2477 si
773 2437 896 2479 neeesse
930 2414 991 2494 sit,
1027 2413 1068 2477 ub
1102 2412 1178 2502 ipsis
1208 2411 1353 2502 pereipi-

344 2541 434 2608 posse
454 2518 550 2598 solis,
577 2541 657 2606 quae
674 2519 828 2584 rationem
852 2518 1029 2597 excedunt,
1053 2530 1108 2582 eut
1119 2539 1154 2582 ee
1168 2539 1230 2582 non
1243 2538 1329 2595 esse,

345 2625 420 2711 quie
440 2623 502 2712 ipsi
521 2645 557 2688 en
576 2644 638 2686 nou
660 2622 911 2712 intelligent(2).
947 2623 1036 2688 Idem
1062 2635 1155 2712 urget
1176 2641 1313 2687 nostrus
1325 2669 1334 2698 ,

344 2727 471 2795 dicens:
521 2726 717 2810 »Quomodo
741 2741 847 2792 eutem
874 2732 955 2793 Deus
978 2740 1068 2816 peter
1093 2725 1239 2815 genuerit
1262 2724 1331 2788 fiti-

345 2855 420 2914 um,
445 2830 518 2896 nolo
541 2830 711 2910 discuties,
735 2853 793 2896 nee
817 2846 848 2898 te
872 2833 1024 2898 curiosius
1047 2833 1169 2921 ingeres
1193 2831 1224 2895 iu
1250 2853 1333 2919 pro·
1443 2839 1444 2906 ζ

344 2935 436 3001 fundi
459 2933 553 3024 hujus
575 2957 751 3015 eternum,
776 2943 847 3001 ne''
872 2960 942 3025 sqq.
958 2936 1018 3025 (3).
1067 2940 1113 3002 De
1135 2935 1334 3025 temporibus
1443 2917 1444 2934 ¹

380 3236 423 3305 (l)
460 3235 527 3289 Rem
546 3245 636 3290 narrat
651 3255 739 3305 nuru,
764 3238 853 3292 Geren.
868 3242 893 3294 d.
907 3239 1013 3292 σλνίοιὶ.
1034 3238 1148 3308 Dspnsn.
1169 3233 1334 3302 Helmstedt,

349 3321 426 3373 1835.
444 3321 467 3371 1.
486 3321 557 3386 tte,
577 3322 638 3377 150.

380 3424 424 3492 (2)
466 3428 500 3478 Οἱ
521 3429 650 3494 νέννηοον
672 3431 748 3481 Θεοῦ
778 3429 1110 3499 πολυπραγμονοῦντες,
1133 3430 1182 3478 καλ
1205 3429 1334 3497 πρόοδον

346 3509 490 3577 ἄρῤητον,
523 3517 764 3573 serutaremur
793 3515 941 3582 τολμηρῶς
969 3517 1124 3581 θεότητος·
1168 3513 1202 3573 ὥς
1231 3515 1336 3578 diesi)

344 3597 445 3655 ἔφητὰ
465 3598 559 3658 μόνοις
578 3593 653 3649 εἶναι
676 3603 712 3649 τὰ
734 3598 807 3667 ὑπὲρ
831 3600 934 3663 λόγον,
964 3601 981 3665 ἢ
1004 3599 1078 3666 μηδὲ
1101 3593 1196 3657 εἶναι,
1228 3599 1275 3650 ὅτι
1294 3603 1335 3662 μὴ

348 3681 435 3730 αὐτοὶ
456 3683 674 3749 κατειλήφασιν.
712 3679 835 3744 Murem!
868 3680 886 3732 Ι.
907 3680 954 3731 ΙΙΙ.
974 3681 1027 3732 545
1043 3681 1076 3731 Α.

386 3781 430 3852 (3λ
467 3781 563 3850 Eupor.
582 3800 609 3850 p.
630 3784 682 3848 18,
702 3782 752 3834 Ιοο.
765 3783 810 3834 eit.
823 3780 857 3834 ab
870 3799 1032 3849 uruuruueu,
1054 3785 1241 3853 Dopmerrprsoh.
1254 3781 1336 3834 18⁴0.

345 3867 367 3921 l.
386 3867 452 3930 306,
476 3865 518 3916 eui
536 3867 659 3934 congruit
677 3867 768 3930 ieeur,
792 3867 819 3918 iu
839 3883 912 3937 quo,
939 3865 1151 3937 disputationem
1169 3874 1262 3918 contre
1280 3863 1337 3918 Arii
1441 3923 1442 3928 Ἰ

345 3934 373 4002 ολ
390 3949 512 4001 Ennomii
530 3957 669 4003 sectatores
687 3948 859 4020 aggrediens,
879 3951 907 4004 in
926 3961 1090 4008 antecessum
1109 3959 1219 4016 mouet,
1238 3949 1337 4002 nativi·
1441 3947 1442 4020 i

347 4041 429 4086 tutem
455 4034 517 4088 tere
545 4034 733 4103 temporalibus
757 4033 843 4088 serbis
861 4035 968 4106 probari
988 4057 1040 4090 non
1052 4055 1149 4111 pesse,
1177 4051 1239 4088 oum
1258 4049 1339 4087 eom·
1441 4027 1442 4066 t

349 4116 478 4187 prehendi
497 4125 618 4190 nequeat.
637 4119 668 4171 V.
686 4119 761 4172 uteo
778 4122 806 4170 ds
821 4121 885 4189 fide,
903 4121 919 4190 ᾗ
936 4122 987 4187 52,
1005 4118 1179 4174 inveniundur
1196 4119 1224 4170 in
1243 4136 1265 4170 r.
1284 4131 1339 4168 mn-

349 4218 439 4267 uosur,
460 4203 527 4272 opp.
550 4203 608 4256 Ver.
628 4203 649 4254 1.
669 4201 833 4267 185,c‚1).
854 4205 1040 4260 Venet.1728.
