2958 5096
612 1355 817 1443 PARS
847 1357 962 1444 ΠΙ.

368 1578 652 1672 metumtot,
691 1577 984 1646 nlvnnstrttts
1019 1578 1230 1663 QUAENAM

671 1734 738 1802 stt
766 1735 910 1804 ORIGO.

744 2495 761 2577 s
785 2493 839 2557 st.

304 2659 424 2784 (luae
459 2686 613 2752 hactenns
647 2688 899 2779 disputavimus,
933 2690 1023 2754 nobis
1056 2691 1288 2772 ostenderunt,

300 2796 466 2872 discrimen
499 2792 572 2858 satis
603 2815 696 2881 grave
729 2810 852 2860 exstare
883 2795 994 2861 Jesum
1025 2797 1155 2885 ejusque
1179 2804 1290 2885 Apos-

301 2903 377 2976 tolos
415 2899 498 2963 inter
531 2910 562 2962 et
593 2896 650 2963 hos
684 2899 886 2964 subsecutam
921 2899 1094 2992 Ecclesiam
1133 2899 1289 2966 Christia-

301 3027 381 3077 nam.
430 3003 554 3066 Etenim
581 2999 627 3065 illi
649 3014 785 3090 μνςήρια
810 3001 972 3069 habebant
985 3027 1033 3069 res
1045 3019 1099 3070 aut
1113 3005 1287 3102 patefactas
1391 3001 1393 3012 ⁴

299 3124 353 3180 aut
378 3120 465 3173 certo
488 3105 740 3196 patefaciendasz
765 3108 846 3174 haec
874 3131 949 3174 vero
966 3133 1006 3182 ,ea
1032 3109 1142 3198 primis
1162 3123 1287 3199 tempo-

299 3218 387 3286 ribus
418 3210 531 3276 hcbnit
557 3234 606 3276 res
630 3211 864 3290 abscondendas
878 3262 887 3292 ,
925 3213 1154 3302 posterioribus
1179 3227 1285 3279 antem

301 3344 350 3390 res
384 3340 446 3382 non
483 3311 710 3405 intelligendas.
759 3318 895 3386 Mutatio
929 3338 1004 3384 sane
1036 3319 1214 3408 gratissima
1249 3342 1311 3385 ac·

299 3422 475 3494 identidem
498 3421 531 3485 in
556 3421 696 3488 deterius
722 3425 874 3513 vergens!

346 3528 465 3594 Noram
497 3527 595 3617 igitur
619 3527 788 3593 ordiamur
811 3527 1087 3618 disquisitionem,
1120 3551 1181 3619 qua
1205 3528 1288 3595 dncc

298 3654 481 3724 persuasum
492 3630 584 3696 nobis
597 3631 652 3696 fiat
665 3632 705 3698 de
716 3631 810 3722 hujus
822 3632 1010 3698 diversitatis
1026 3656 1081 3699 scu
1094 3632 1290 3699 discriminis

298 3736 422 3804 ratione
456 3758 492 3800 ac
526 3757 630 3805 causa.
680 3738 747 3822 Qua
773 3737 806 3802 in
831 3761 865 3804 re
890 3737 934 3803 ita
958 3737 1113 3825 agendum
1138 3759 1202 3804 esse
1226 3760 1290 3802 no-

298 3843 348 3908 bis
372 3840 611 3929 proposuimus,
636 3854 672 3906 ut
692 3841 814 3932 singula
839 3841 918 3923 illa,
943 3865 1024 3932 quac
1038 3857 1139 3908 essent
1151 3843 1291 3908 abscon-

301 3945 402 4011 denda
423 3957 477 4010 ant
501 3967 563 4008 non
588 3944 813 4035 intelligenda,
838 3960 987 4014 accurate
1009 3961 1206 4036 spectemus,
1231 3969 1291 4012 or-

303 4049 377 4116 dinc
402 4049 591 4129 observato,
615 4056 715 4139 quem'
730 4052 829 4120 secuti
846 4075 951 4118 sumus
968 4053 1001 4117 in
1019 4052 1180 4120 tractando
1195 4063 1293 4142 parte

304 4153 519 4220 antecedente.
