2958 5096
614 511 680 585 121

149 747 208 815 S.''
265 747 413 814 Attamen
446 747 619 812 sententiae
658 745 811 812 Nicaenae
845 747 971 836 patroni
1002 746 1132 812 lortasae

149 851 257 918 eadem
290 853 412 918 ratione
434 852 494 918 sibl
515 851 697 944 cogitabant
718 851 874 942 Spiritum
899 851 957 934 S.‚
990 873 1051 941 qua
1073 852 1133 918 Ili-

147 957 248 1026 lium:
278 955 387 1023 saltem
411 957 623 1037 adversarios,
649 978 785 1047 quorum
812 981 843 1024 v.
866 979 895 1026 o.
925 976 1133 1024 uucuuourue

148 1060 305 1151 Spiritum
327 1061 360 1130 S.
386 1067 498 1148 κτίσμα
520 1061 599 1128 dirit
620 1061 703 1145 Dei,
738 1061 991 1152 impugnabant,
1022 1074 1073 1146 et,
1097 1073 1133 1128 ut

147 1189 166 1230 a
194 1167 327 1232 caeteris
347 1166 597 1258 distinguerent,
628 1165 811 1232 nominibus
833 1165 1021 1258 insignivere
1045 1165 1132 1233 Ma-

146 1271 403 1337 cedonianorum
424 1285 457 1340 et
479 1281 757 1361 πνεῦματόμαχων.
806 1271 929 1352 lldem,
958 1295 989 1339 v.
1016 1294 1046 1341 c.
1068 1290 1133 1337 ΒΔ-

145 1393 246 1442 srtrus
270 1395 324 1455 tt,
355 1397 539 1445 ceucontus
561 1391 716 1466 uterque,
754 1399 873 1442 summa
900 1399 960 1466 ope
982 1375 1132 1442 niteban-

145 1493 222 1558 tur,
266 1493 301 1545 ut
341 1481 435 1547 etiam
474 1481 672 1548 divinitatem
711 1481 848 1570 Spiritus
881 1479 913 1546 S.
946 1481 1130 1570 probarent.

147 1583 237 1669 Quae
259 1582 346 1650 lieet
365 1585 397 1650 iu
419 1606 510 1651 causa
530 1586 612 1666 luit,
633 1608 692 1652 our
706 1597 934 1652 convocaretur
953 1583 1132 1651 Concilium

146 1688 558 1780 constantinopolitanum,
599 1713 628 1759 a.
665 1695 752 1769 381,
788 1691 819 1776 in
849 1692 938 1776 cujus
972 1689 1133 1756 »Guuoue

144 1794 227 1880 Ill)
252 1795 447 1884 approbatur
469 1808 502 1861 et
524 1808 690 1862 revocatur
714 1795 853 1862 Nicaeua
877 1794 954 1859 fides
981 1794 1020 1860 de
1034 1795 1132 1860 Verbi

146 1895 250 1963 diriui
280 1921 351 1966 cum
380 1901 472 1968 Patre
495 1905 665 1991 dpoooclp,
698 1901 718 1966 i.
742 1923 770 1968 e.
796 1898 1129 1966 consubstantialitate.

146 2003 347 2070 Darnuautur
382 2005 510 2095 iusuper
543 2006 663 2072 nelarie
697 2004 876 2072 Macedouii
909 2018 941 2070 et
982 2004 1131 2070 Eunomii

144 2108 317 2200 dogmata,
348 2109 484 2200 Spiritui
510 2103 625 2178 Sancto
648 2109 847 2178 divinitatem
871 2109 1075 2200 abnegantia,
1099 2122 1131 2176 et

73 2220 75 2228 '
146 2213 400 2304 blasphemantia
425 2216 529 2306 ipsum
549 2239 613 2282 esse
636 2215 710 2282 Filii
737 2228 939 2295 creaturam,
965 2228 1061 2304 atque
1084 2214 1133 2279 di-

145 2341 276 2400 versae,
302 2320 559 2411 inferiorisquea
582 2319 664 2386 Filio
689 2320 891 2386 substantiae.
924 2320 1131 2386 Proscribuu·

147 2439 204 2492 tur
227 2424 319 2490 simul
338 2423 481 2492 haereses
508 2423 636 2492 Photiai
651 2474 763 2501 .....
765 2439 798 2491 et
820 2423 973 2505 Sabellii,
1006 2425 1131 2490 unicam
1298 2421 1301 2426 ’

148 2531 184 2596 iu
217 2531 284 2622 Deo
315 2553 480 2620 personam
513 2531 699 2611 asserentis,
733 2531 834 2596 tribus
866 2529 1047 2606 nominibus
1070 2549 1132 2622 pro

147 2657 276 2700 suarum
307 2634 489 2702 diversitate
534 2637 753 2726 operationum
786 2635 981 2726 designatam
995 2643 1016 2670 ''
1060 2657 1130 2724 sqq.

149 2739 285 2827 Adjeote
315 2752 362 2805 est
390 2737 439 2806 his
462 2739 643 2808 (lenonibus
666 2739 802 2808 Consilii
824 2739 900 2805 fidei
924 2738 1132 2826 Symbolum,

149 2867 217 2934 quo
241 2843 378 2934 Spiritus
403 2846 437 2913 S.
457 2847 593 2914 dicitur:
628 2853 663 2914 τὸ
689 2853 819 2933 κύριον,
840 2851 878 2912 ’τὸ
904 2850 1075 2923 iconomo,
1100 2849 1135 2909 τὸ

102 2993 106 3004 ·
149 2956 186 3018 ἐκ
220 2961 274 3018 τοῦ
306 2957 422 3038 πατρὸς
447 2958 715 3039 ἐκπορευόμενον,
747 2957 781 3018 τὸ
810 2957 865 3018 odo
888 2956 983 3036 πατρὶ
1006 2955 1058 3016 eorl
1077 2952 1134 3036 υἱῷ

148 3063 482 3142 σνμπροςκυνούμενον
514 3064 568 3126 καὶ
595 3059 865 3140 συνδοξαζόμενον
878 3055 939 3140 (2)
987 3054 1056 3118 Ηοο
1076 3051 1136 3141 igi·
1186 3091 1191 3101 -

149 3174 206 3227 tur
231 3162 298 3249 jam
334 3159 477 3227 Concilio
509 3161 680 3228 substantia
712 3160 850 3250 Spiritus
879 3157 912 3227 S.
941 3157 1051 3224 eadem
1069 3179 1134 3223 esse

150 3265 295 3345 dicitur,
319 3287 400 3355 quae
420 3265 518 3346 Filii,
540 3289 622 3356 quae
644 3265 754 3332 eadem
776 3285 882 3328 rursus
902 3276 947 3329 est
964 3285 1001 3328 ac
1016 3262 1129 3334 Patris.

151 3367 222 3437 Tali
246 3351 388 3450 ratione,
415 3372 638 3438 accedentibus
660 3369 774 3435 deinde
788 3367 877 3449 allis,
905 3391 934 3436 a.
948 3390 976 3436 c.
994 3367 1137 3455 symbolo

152 3492 327 3542 arurnesu
351 3498 465 3541 nomeu
489 3499 564 3566 prae
577 3499 608 3541 se
621 3477 765 3554 ferento,
797 3473 921 3539 saeculo
942 3473 969 3536 V
992 3475 1136 3538 conlecto

152 3593 185 3644 et
207 3599 375 3648 recusum
398 3583 583 3647 sententiam
604 3581 664 3647 lrac
678 3582 717 3646 de
732 3602 766 3644 re
778 3579 984 3659 continente,
1008 3579 1136 3644 taudem

151 3684 405 3751 constituebatur
424 3685 567 3752 doctriua
590 3684 809 3754 Ecclesiastico
824 3686 896 3779 (3):
922 3708 943 3748 >a
954 3705 1059 3749 uuum
1073 3707 1137 3750 esse

193 3889 233 3963 (l)
267 3895 334 3948 Sunt
359 3895 438 3948 verba
463 3914 517 3951 rou.
544 3913 695 3962 craterum,
725 3897 823 3952 llctito'o
845 3896 1012 3950 conciliorum
1031 3896 1141 3950 Sanctae

153 3978 292 4032 Ecclesiae·
314 3980 390 4034 1776.
410 4001 437 4051 p.
458 3982 519 4036 182.
539 3981 726 4050 cl.1ttts1,l.
746 3982 764 4034 l.
783 3981 835 4035 lll.
853 3981 922 4045 558,
943 3981 1004 4035 560,

191 4061 232 4129 (2)
269 4063 367 4132 Maru,
387 4067 433 4119 ΙΙΙ.
453 4067 514 4119 blld.

189 4148 230 4216 (Β)
267 4148 299 4202 ll.
319 4149 357 4215 l.,
380 4158 409 4203 et
425 4150 453 4204 in
471 4169 545 4224 seqq.
564 4153 686 4223 saepius,
706 4151 806 4204 utimur
825 4149 933 4204 vocibus
949 4145 1137 4203 doetrino‘Bo-

163 4237 314 4288 chstoetieu.
347 4234 384 4289 lle
408 4237 474 4290 ruale
491 4236 699 4310 intelligantur,
722 4237 763 4290 lais
778 4235 890 4290 iudicari
907 4233 1020 4289 dicimus
1037 4231 1142 4287 ‹loetal-
