2958 5096
793 461 866 532 lut

208 757 216 770 ,
332 719 370 764 ex
403 693 519 762 horum
549 695 644 760 trium
678 717 740 762 uuo
770 697 810 762 sit
835 693 954 761 hausta.
1000 695 1243 782 Inquirentibus
1266 717 1323 760 an·

333 815 397 868 tem
418 801 524 890 primo
542 799 635 882 loco,
656 823 693 867 ex
716 823 853 888 quonam
880 801 969 866 fonte
990 801 1138 888 mysteria
1158 823 1194 866 ea
1206 850 1216 882 ,
1240 823 1324 888 quae

333 907 374 972 ab
391 905 532 974 Ecclesia
556 920 683 996 recepta
707 906 864 990 vidimus,
887 907 950 972 siut
971 906 1089 986 ducta,
1113 907 1205 972 nobis
1225 905 1323 974 facile

333 1010 458 1099 liquet,
490 1033 527 1076 ex
550 1011 638 1076 nullo
659 1011 790 1078 istorum
815 1013 914 1078 trium
939 1011 1074 1076 sontium
1087 1061 1097 1092 ,
1120 1011 1265 1100 adeoque
1286 1035 1322 1077 er
1420 1049 1426 1076 t

338 1137 510 1204 perverso,
534 1137 571 1184 ea
593 1139 658 1182 esse
678 1117 790 1206 petita.

381 1221 526 1288 Vidimus
556 1221 664 1301 enim,
689 1217 865 1288 Ecclesiam
891 1218 1103 1286 Christianam
1126 1221 1320 1310 primaevam

336 1325 461 1394 solitam
515 1348 580 1392 esse
597 1311 605 1326 „
625 1326 704 1394 ritus
747 1349 849 1392 sacros
888 1327 1042 1414 quosdam
1081 1339 1114 1391 et
1156 1325 1322 1392 doctrinae

337 1429 536 1500 Christianae
562 1444 667 1521 partes
698 1429 754 1496 has
782 1430 849 1496 illas
879 1429 998 1508 habere
1015 1432 1165 1518 mysteria
1188 1431 1255 1496 sire
1273 1453 1321 1496 res

336 1536 583 1605 abscondendus.
616 1537 761 1602 Vidimus
781 1549 887 1602 autem
910 1537 1058 1625 insuper,
1084 1533 1147 1601 boc
1170 1559 1234 1602 uon
1250 1533 1321 1600 ideo

336 1643 378 1708 ab
401 1665 439 1708 ea
461 1664 526 1708 esse
546 1643 687 1720 lactum,
712 1643 797 1731 quod
821 1641 892 1708 talis
914 1641 1027 1730 agendi
1051 1642 1133 1706 ratio
1155 1639 1321 1731 putaretur
1397 1707 1399 1712 ,
1461 1725 1462 1734 ¹

328 1747 399 1832 ,niti
434 1746 534 1812 effatis
565 1745 691 1814 Codicis
713 1747 823 1826 Sacri,
856 1760 911 1812 aut
932 1746 1102 1812 convenire
1124 1747 1226 1812 menti
1244 1747 1320 1812 lesu

339 1848 458 1918 Christi
490 1853 624 1940 ejusque
657 1851 906 1939 Apostolorum
951 1850 1005 1916 sed
1041 1850 1134 1922 unice
1165 1849 1249 1916 hane
1282 1850 1321 1915 ob

269 1981 270 1984 ¹
335 1971 483 2034 causam,
512 1954 597 2044 quod
623 1957 758 2023 maxime
782 1956 814 2022 id
841 1955 1003 2022 rideretur
1023 1955 1174 2024 inservire
1195 1977 1321 2046 promo·

335 2061 454 2128 rendae
478 2059 571 2126 saluti
595 2061 757 2128 Ecclesiae
780 2059 989 2128 Christianae.

381 2164 569 2232 Ratiouibus
588 2168 687 2255 magis
712 2168 805 2256 justis
829 2190 892 2232 nou
915 2181 1020 2232 actum
1041 2189 1107 2232 esse
1129 2167 1163 2231 iu
1182 2165 1323 2232 Ecclesia

337 2268 535 2350 Christiana,
571 2272 714 2362 adeoque
746 2296 764 2338 e
796 2274 883 2338 lente
914 2272 1013 2361 magis
1037 2293 1119 2362 puro
1141 2293 1205 2336 non
1227 2269 1321 2334 haus·

336 2389 405 2444 turn
427 2399 514 2455 esse,
538 2399 636 2466 quum
657 2377 774 2443 deinde
795 2377 941 2466 dogmata
954 2375 1094 2442 haecvel
1106 2375 1160 2440 illa
1173 2397 1324 2441 eorumve

335 2493 458 2571 partem
480 2479 564 2574 ¹hanc
587 2481 711 2548 illamve
734 2495 884 2572 putarent
905 2477 1079 2548 Christiani
1091 2504 1140 2548 res
1153 2503 1214 2545 non
1228 2479 1325 2546 intel·

221 2617 225 2623 .
256 2577 261 2584 ’
329 2583 499 2676 figendas,
548 2587 673 2652 abunde
705 2587 798 2652 nobis
828 2599 919 2650 autea
953 2586 1112 2675 disputata
1152 2585 1325 2650 ostendisse

335 2689 497 2760 ridentur.
544 2691 663 2756 Partim
695 2693 779 2758 enim
811 2691 974 2758 doctrinae
1007 2690 1247 2756 Ecclesiasticae
1267 2712 1324 2754 ca·

335 2793 424 2884 pita,
455 2794 517 2860 nisi
552 2795 757 2862 obtrusisseut
789 2819 825 2862 ea
859 2794 970 2862 Codici
990 2794 1109 2874 Sacro,
1148 2796 1199 2859 rix
1220 2816 1259 2860 ac
1283 2815 1327 2858 ne

335 2899 385 2964 vix
420 2899 550 2988 quidem
582 2923 619 2966 er
651 2924 689 2966 co
722 2902 896 2981 eruissent,
932 2901 1015 2990 quod
1045 2926 1076 2968 v.
1112 2922 1140 2966 c.
1167 2901 1265 2965 fiebat
1289 2899 1327 2962 in

337 3003 505 3094 dogmate,
539 3005 585 3070 uti
614 3007 875 3096 proponebatur,
901 3005 1063 3072 Trinitatis
1085 3019 1117 3070 et
1137 3003 1327 3071 Praedesti-

337 3106 494 3189 ustionis;
520 3109 637 3198 partim
662 3111 794 3200 proprio
819 3133 912 3199 saepe
929 3123 1032 3176 marte
1052 3110 1231 3186 narratione
1248 3106 1331 3197 phi·

233 3292 240 3303 Ι
337 3212 497 3302 losopbieir
529 3215 764 3282 constituebant
794 3240 822 3284 v.
856 3239 884 3281 c.
913 3213 1068 3282 theoriam
1090 3214 1330 3282 Satisfactionis

338 3317 594 3399 Anselmiauam;
645 3321 761 3410 partim
801 3321 984 3386 nitebantur
1032 3316 1114 3383 male
1152 3317 1333 3398 intellectis

339 3421 465 3490 Codicis
499 3422 588 3489 Sacri
622 3424 747 3504 verbis,
779 3424 863 3514 quod
898 3449 926 3491 r.
963 3446 991 3490 c.
1025 3421 1130 3489 locum
1153 3421 1270 3488 habuit
1295 3425 1331 3488 in

337 3527 485 3617 dogmate
519 3528 908 3610 Transsubstantiatiouis,
939 3530 1063 3594 nitente
1095 3527 1216 3618 quippe
1244 3528 1335 3594 Jesu

337 3632 424 3700 dicto
455 3634 600 3722 tropico,
636 3633 752 3701 literali
785 3657 876 3728 sensu
914 3645 1017 3699 sumto
1045 3655 1081 3698 ao
1105 3631 1190 3696 nulla
1210 3630 1338 3699 habita

338 3737 596 3804 Hermeneutices
632 3763 724 3806 sanae
757 3741 892 3806 ratione.
940 3723 1040 3823 Quam
1072 3737 1213 3827 primum
1247 3761 1338 3804 vero

338 3839 422 3919 illis,
457 3863 538 3928 quae
573 3865 609 3908 ex
643 3843 677 3910 C.
712 3844 745 3912 S.
768 3845 873 3910 verbis
893 3843 1088 3933 putabantur
1117 3843 1209 3923 erui,
1239 3842 1338 3924 alia,

338 3945 534 4010 contrarium
563 3945 657 4036 plane
689 3949 856 4039 urgentia,
889 3947 958 4015 loca
989 3947 1260 4041 opponebantur,
1290 3989 1341 4002 --

338 4062 394 4116 aut
420 4050 555 4146 caeteris
589 4049 776 4120 Christianis
797 4077 862 4120 sese
884 4065 1082 4144 opponerent
1103 4050 1254 4121 homiues
1282 4055 1345 4120 alii

340 4154 463 4222 saniore
492 4155 614 4223 ratione
649 4157 759 4240 ducti,
794 4182 861 4226 rem
888 4157 931 4224 ita
960 4157 1007 4223 illi
1029 4156 1200 4224 defendere
1223 4181 1345 4227 cona·
