2958 5096
625 437 696 514 163

166 681 200 746 in
223 675 362 746 lloolesia
382 674 560 746 Cbriatiana
581 676 733 757 inerant,
767 677 823 767 qni
844 675 1089 768 patefactionem
1109 701 1147 746 eo

166 796 310 852 constare
341 783 555 863 affirmarent,
586 781 673 872 quod
701 781 844 848 adessent
868 803 950 872 qaae
973 796 1065 850 antea
1087 784 1149 851 de-

166 891 402 969 siderarentur,
424 877 558 977 eamque
577 909 652 954 curn
663 886 793 954 historia
807 887 965 953 anteriore
976 938 986 969 ,
1009 911 1159 979 praescr-²

167 995 226 1062 tim
256 993 410 1078 ludoici,
446 994 677 1083 conjungerent
706 993 773 1074 ita,
806 1003 842 1058 ut
865 1005 1039 1084 putarent,
1073 993 1152 1062 haee

167 1121 251 1188 quae
282 1111 384 1165 essent
415 1097 522 1179 tacta,
553 1119 619 1164 esse
644 1097 914 1188 complementum
937 1119 1046 1164 eorum
1070 1121 1151 1190 qnae
1272 1127 1285 1148 ι

96 1250 101 1260 ·
169 1216 261 1272 antea
290 1215 394 1270 essent
420 1203 582 1293 praedicta
606 1203 804 1292 accognitet.
853 1201 969 1292 Negari
988 1225 1064 1270 vero
1087 1225 1152 1268 non

169 1321 273 1400 potest
296 1307 374 1374 tales
393 1307 598 1373 dissensiones
619 1305 832 1374 aestimationi
853 1307 930 1372 Jesu
944 1304 1062 1372 Christi
1076 1308 1153 1372 uni-

169 1435 256 1480 verae
279 1413 435 1502 proficuas
456 1434 520 1478 esse
539 1435 602 1478 non
623 1411 780 1502 potuisse:
807 1411 927 1478 etenim
939 1411 1074 1502 quisque
1086 1400 1172 1479 lere¹

111 1583 114 1590 .
167 1517 357 1584 senteutiam
400 1539 488 1582 snam
530 1517 645 1583 acriter
687 1517 834 1608 tepebat,
873 1528 905 1582 et
939 1515 1153 1600 defendebat,

169 1643 354 1711 summaque
387 1622 549 1688 nitebatur
583 1643 665 1712 ope,
698 1634 734 1688 at
766 1619 842 1687 haio
876 1621 1098 1688 anctoritatem
1121 1622 1154 1687 in

170 1725 311 1796 Ecclesia
346 1724 514 1792 adhiberet
549 1725 599 1792 ael
634 1724 717 1792 bano
751 1727 784 1791 in
820 1725 960 1792 Ecclesia
992 1725 1153 1816 publicam

171 1831 338 1914 redderet,
368 1842 482 1920 putans
506 1831 627 1922 quippe
651 1830 692 1896 ab
715 1827 775 1896 hae
798 1831 938 1920 pendere
963 1853 1057 1921 quarn
1082 1855 1154 1900 ma·

170 1935 574 2004 rimellcolesiaesalutem.
622 1935 705 2002 Hinc
725 1947 837 2026 sponte
856 1935 977 2002 facturn
988 1985 998 2018 ,
1018 1949 1053 2003 ut
1067 1947 1154 2003 recta

168 2046 247 2112 Jesu
282 2041 400 2109 Christi
436 2041 631 2121 aestimatio,
679 2063 715 2106 er
747 2041 814 2128 ejas
851 2061 967 2132 opere,
1002 2041 1155 2124 oonsilio,

169 2169 302 2240 persona
346 2146 479 2212 oriunda
516 2145 608 2212 valde
641 2145 865 2236 negligeretur.
926 2146 1157 2213 Antecedentia
1202 2190 1204 2196 s

170 2255 256 2322 enim
295 2252 387 2319 nobis
422 2251 646 2330 ostenderunt,
690 2263 755 2318 tam
792 2249 880 2341 parri
916 2248 1058 2318 habitam
1092 2273 1157 2316 esse

173 2355 293 2426 (lbristi
330 2357 427 2446 ipsias
447 2356 646 2424 „sententiam
683 2368 719 2423 ut
747 2377 875 2446 prorsus
896 2353 1158 2422 obliviscerentur

171 2463 348 2548 homines,¹
376 2462 623 2552 patefactionem
659 2473 802 2528 constare
833 2483 874 2526 eo
903 2459 991 2549 quod
1015 2461 1158 2527 adessent

172 2593 208 2638 re
228 2582 260 2636 et
282 2569 368 2633 lacto
395 2591 433 2634 ea
454 2591 536 2657 quae
557 2579 648 2633 antea
670 2566 809 2632 nondum
832 2564 996 2646 adessent3
1022 2565 1088 2630 ir'no
1114 2565 1159 2632 ita
1219 2581 1232 2608 t

171 2674 315 2741 homines
336 2697 369 2740 se
390 2673 553 2740 sententiis
575 2671 656 2752 suis,
684 2693 814 2762 quoquo
838 2669 933 2736 modo
956 2669 1157 2760 compositis,

173 2777 327 2868 obstringi
361 2802 427 2845 esse
450 2801 576 2868 passos,
609 2789 670 2857 ut,
696 2775 800 2866 quoad
823 2787 946 2864 partem
969 2774 1159 2864 Theologiae

174 2884 382 2974 dogmaticam
416 2904 543 2974 prorsus
578 2880 765 2948 recederent
785 2903 803 2944 a
823 2880 901 2947 Jesn
927 2890 1057 2964 mente,
1092 2893 1160 2946 sta·

174 2989 292 3056 tuendo
315 2990 349 3054 in
370 3011 405 3054 re
428 2985 618 3054 Christiana
632 3007 682 3050 rea
705 2984 855 3074 quasdam
883 2983 1069 3072 praecipuas
1091 2993 1161 3078 esse

174 3116 238 3160 non
264 3092 505 3182 intelligendas,
534 3090 705 3178 mysteria,
730 3127 774 3139 -
799 3088 832 3153 in
856 3099 947 3178 parte
968 3085 1160 3180 Theologine

174 3199 332 3288 exegeticis
363 3195 417 3262 hic
437 3193 504 3261 illio
526 3217 653 3286 prorsus
680 3192 772 3259 aliam
798 3205 1013 3282 proponerent
1033 3206 1159 3261 senten·

176 3303 277 3383 tiam,
312 3325 407 3392 quam
441 3323 522 3390 quae
557 3323 575 3365 a
606 3301 683 3376 Jesu
713 3311 745 3364 et
769 3295 928 3388 Apostolis
949 3295 1072 3387 liquido
1093 3313 1161 3366 erat

175 3406 334 3498 explicita.
382 3406 451 3472 Hac
474 3405 596 3470 ratione
617 3427 693 3470 'vera
715 3416 747 3470 et
768 3401 905 3492 genuina
926 3407 1159 3488 mysteriorum

177 3512 265 3578 notio
285 3510 435 3591 evannit,
455 3511 582 3578 evanuit
601 3521 635 3575 et
654 3507 751 3574 simul
772 3529 846 3572 vera
868 3519 900 3572 et
918 3507 1053 3595 genuina
1071 3510 1169 3574 notio·

112 3689 122 3697 ,
169 3618 452 3710 patefactioniaa
474 3653 519 3666 -
550 3613 704 3681 sententia
736 3614 812 3680 Jesu
843 3633 880 3677 ac
914 3609 1159 3700 Apostolorum,
1192 3701 1199 3708 ..

179 3745 259 3814 qaae
283 3721 387 3812 primo
412 3719 522 3786 saltem
546 3711 849 3809 eratrespiciendaj
871 3703 1160 3784 Jeaom'cnristum

178 3827 212 3892 iu
233 3825 389 3892 mundum
407 3823 548 3906 venisse,
573 3836 609 3890 ut
629 3821 829 3913 apparitione
848 3821 903 3886 sni
923 3843 972 3887 res
992 3834 1084 3888 antea
1106 3820 1158 3887 la-

179 3943 279 3997 tentes
302 3931 536 4022 palefoocret,
572 3940 605 3994 et
632 3925 736 3997 adhuc
756 3925 889 3994 latenter
919 3925 1034 3993 deinde
1055 3935 1157 4016 pate-

178 4036 332 4118 faceret,
356 4034 461 4104 locum
485 4033 577 4104 cessit
600 4032 743 4124 opinioni
765 4031 1026 4115 Ecclesiastioae,
1058 4033 1164 4100 Deum

895 4139 961 4204 tl*
1067 4199 1070 4210 ,
