2958 5096
604 471 671 546 1³⁷

177 701 254 769 -ffio
284 703 330 770 its
362 723 429 770 rem
461 703 608 796 exponit:
665 730 686 772 »
696 703 816 774 Unicus
848 703 972 772 enimse
1003 717 1128 772 nostree

147 806 236 872 cibus
260 805 406 875 Gbristus
429 821 498 891 est,
530 809 665 902 ideoque
686 809 726 875 ad
749 831 822 876 eum
843 832 899 875 nos
918 810 1031 877 inritat
1055 831 1128 876 coe·

146 909 231 978 lestis
252 913 364 992 Pater,
389 926 424 982 ut
447 916 514 1004 ejus
528 913 812 981 communicatione
826 913 961 995 relecti,
986 915 1127 1004 rigorem

146 1015 279 1083 subinde
301 1017 503 1108 colligamus,
528 1019 630 1086 donec
651 1018 691 1085 ad
715 1017 885 1086 coelestem
906 1019 1128 1086 immortulita-

146 1132 210 1188 tem
232 1137 418 1213 perventum
440 1124 548 1192 luerit.
596 1124 752 1211 Quoniam
777 1143 853 1211 vero
863 1123 1049 1212 mysterium
1064 1122 1127 1190 boc

145 1247 279 1293 arcanae
307 1225 426 1296 christi
458 1251 531 1296 cum
555 1229 617 1320 piis
648 1227 772 1294 unionis
803 1241 916 1296 natura
945 1228 1126 1318 incompre-

144 1327 301 1398 hensibile
329 1346 399 1415 est,
429 1334 562 1424 figuram
597 1334 664 1422 ejus
695 1343 728 1398 et
760 1331 930 1422 imaginem
966 1333 998 1398 in
1033 1331 1127 1423 signis

145 1434 321 1502 visibilibus
363 1435 491 1505 exbibet
534 1437 575 1504 ad
618 1435 782 1504 modulum
820 1450 963 1505 nostrum
999 1437 1127 1528 aptissi-

145 1539 205 1606 mis
217 1545 238 1576 ’'
250 1543 308 1630 (1).
341 1604 346 1612 ,

169 1643 292 1734 2llssce
329 1645 427 1737 igitur
460 1648 649 1729 sententias,
685 1647 788 1737 quoad
810 1669 878 1714 rem
900 1647 975 1736 ipsis
997 1657 1128 1712 conten·

146 1761 210 1815 tam
243 1761 276 1816 et
302 1751 433 1818 modum
457 1753 654 1842 praesentiae
682 1751 801 1820 Christi
821 1752 901 1833 sub,
930 1773 1013 1816 cunr
1034 1763 1066 1816 et
1091 1750 1126 1814 iu

146 1876 229 1944 pone
266 1855 423 1945 vinoque,
455 1856 504 1924 rel
532 1857 663 1923 modum
689 1855 862 1948 spiritualis
891 1854 1126 1922 comessationis

146 1960 244 2049 ipsius
268 1982 285 2024 a
311 1959 481 2043 fidelibus,
512 1963 644 2044 attinet,
667 1985 729 2027 non
765 1961 877 2028 melius
900 1958 1126 2052 comprehendi

145 2086 236 2156 posse
263 2087 300 2130 ao
321 2066 712 2132 Transsubstantiationem
734 2067 998 2147 Pontificiorunr,
1034 2062 1127 2131 facile

143 2167 214 2234 risu
243 2181 298 2235 est.
347 2170 458 2260 Neque
487 2169 547 2238 hoc
577 2171 769 2241 mirandum.
816 2174 918 2238 Antea
942 2171 1026 2236 enim
1053 2191 1126 2236 cum

145 2273 277 2338 inissent
308 2271 342 2338 bi
379 2277 556 2343 Daumriri‘
581 2274 927 2360 Romano-catholici,
960 2299 977 2342 a
1010 2275 1127 2342 teneris

145 2377 309 2445 doctrinae
336 2379 376 2446 de
402 2382 764 2450 Transsubstantiatione
788 2381 927 2463 assueti,
958 2381 1127 2470 studioque

145 2477 312 2548 bominum
346 2487 515 2552 communi
537 2509 645 2552 rerum
676 2487 881 2552 obscurorum
915 2483 1028 2566 ducti,
1063 2507 1125 2550 non

146 2586 252 2677 potuit
281 2588 372 2670 lieri,
403 2591 479 2680 quin
504 2571 752 2682 praeconceptam
774 2589 938 2681 opiniones
960 2613 1024 2656 uon
1047 2602 1128 2657 totas

146 2691 342 2780 sbjicerent,
362 2694 504 2786 adeoque
523 2697 654 2764 asseclas
671 2695 778 2786 plures
791 2717 887 2786 quam
900 2693 1014 2762 habuit
1030 2715 1130 2762 zwrrt·

146 2816 259 2882 sarus,
292 2798 488 2888 simplicitati
519 2800 730 2892 Euangelicae
764 2799 863 2889 magis
890 2800 1039 2881 studens,
1071 2798 1129 2864 ha-

147 2902 288 2974 buerint.

192 3009 296 3075 Verba
330 3009 427 3100 igitur
455 3011 551 3078 citats
573 3010 645 3077 sutis
664 3009 829 3091 indicent,
863 3019 1030 3090 auctores,
1061 3008 1127 3076 sire

147 3126 323 3204 spectantes
354 3100 589 3184 conversionem
614 3115 724 3197 illam,
756 3137 818 3204 qna
845 3114 937 3204 penis
962 3125 994 3180 et
1019 3113 1128 3179 riuum

147 3220 239 3285 lieret
268 3216 484 3288 Christimaro
503 3233 535 3289 et
556 3221 680 3310 sanguis
702 3216 973 3300 substantialiter,
1003 3218 1068 3286 sire
1090 3217 1129 3283 il·

147 3321 210 3389 lam
244 3345 306 3413 qna
341 3325 373 3391 id
410 3338 534 3394 tantum
566 3327 657 3393 fieret
687 3323 917 3417 spiritualiter,
948 3321 1030 3390 hanc
1062 3345 1129 3390 rem

147 3499 303 3518 ——

184 3579 227 3651 (3)
265 3583 353 3636 iosus.
371 3585 416 3640 IV.
433 3603 457 3639 o.
477 3586 520 3640 17·
539 3587 565 3643 l.
583 3585 621 3640 ci.
640 3584 677 3642 ib.
697 3587 715 3654 §
734 3584 761 3640 t.
780 3586 824 3640 10.
844 3585 887 3638 ll.
914 3584 1129 3654 Corpusstssn·

146 3665 255 3736 guinem
279 3667 377 3722 Christi
403 3688 465 3723 cum
493 3687 562 3741 pane
577 3677 606 3724 et
626 3671 686 3723 rino
703 3667 794 3722 adesse
811 3670 840 3722 in
857 3686 931 3722 secra
948 3669 1034 3722 Coena
1051 3669 1131 3724 etiam

146 3751 242 3804 statuit
268 3752 352 3807 For-ss·
382 3753 500 3810 cossam
525 3753 677 3821 Art.t.1,
704 3762 733 3808 et
750 3753 802 3808 boo
818 3761 959 3823 corporet
976 3755 1132 3823 sanguinem
1169 3775 1172 3783 ·

147 3853 204 3912 non
227 3837 313 3891 solum
337 3838 511 3907 spiritualiter
533 3837 696 3909 perfidem,
720 3837 768 3894 sed
784 3847 812 3894 et
830 3839 1004 3912 corporaliter
1021 3835 1135 3907 (mnud-

147 3921 234 3992 lirrh),
254 3931 282 3975 et
303 3921 356 3975 boc
377 3922 486 3995 quidem
504 3923 584 3978 morlo
601 3925 797 3995 supranaturali
815 3923 856 3994 (in
874 3925 987 3979 Erttc'ir.
1005 3921 1133 3977 additor:

147 4022 203 4060 uon
228 4005 416 4076 intelligendo,
447 4029 475 4082 p·
492 4008 557 4078 b9l)
586 4009 710 4077 coelesti,
738 4009 843 4078 scoipi,
869 4009 914 4063 Vl.
933 4026 957 4061 e.
976 4008 995 4061 l·
1013 4027 1041 4078 p.
1061 4007 1133 4073 399,

147 4090 211 4146 tot.
255 4092 328 4144 llsnc
353 4094 527 4165 praesentiam
555 4110 608 4147 non
635 4111 689 4147 esse
718 4091 936 4164 intelligendam,
964 4090 1079 4146 affirmat
1105 4092 1132 4144 in

146 4175 257 4230 ssrsttr.
275 4191 302 4244 p.
320 4175 389 4245 ⁶7³,
408 4177 566 4249 simpliciter
581 4191 636 4232 erse
653 4175 709 4232 lide
723 4176 921 4249 accipiendam,
942 4195 969 4247 p.
981 4177 1052 4245 ote,
1071 4175 1132 4233 587.
1244 4185 1248 4196 ‘
