2938 5080
589 499 645 571 »tt

137 757 204 802 non·
230 732 410 800 mirandum
442 755 535 817 saue,
566 735 662 800 etiam
694 734 762 801 loca
788 733 825 802 ad
850 748 994 803 nostrum
1018 760 1117 830 argu-

138 853 278 908 mentum
309 838 502 928 pertinentia
532 840 667 906 maxime
693 839 844 907 illustrari
868 854 1003 931 utraque
1027 843 1116 934 epis-

138 945 200 1011 toli
223 941 411 1029 collatio).

180 1051 273 1116 Patet
290 1045 364 1124 hic,
389 1045 510 1114 collatis
530 1047 814 1130 antecedentibus,
838 1049 935 1116 Paulo
951 1049 1035 1116 idem
1054 1073 1120 1118 esse

136 1153 215 1220 illud
239 1163 406 1240 μυστήριον
431 1181 461 1220 κ.
475 1181 504 1222 τ.
518 1155 571 1232 l„
598 1176 634 1219 ec
657 1155 752 1238 λόγον
774 1161 828 1222 τοῦ
853 1163 950 1232 θεοῦ,
976 1178 1020 1222 rs.
1038 1158 1120 1236 25⁶,

137 1273 167 1326 et
190 1257 323 1325 Paulum
350 1280 413 1346 quc
436 1255 521 1324 huuc
545 1281 721 1324 sermonem
747 1245 906 1348 explicet}
931 1257 1011 1324 illud
1035 1283 1122 1348 mys·

138 1367 257 1429 terim
281 1361 408 1428 addere.
456 1361 539 1447 Quid
563 1383 638 1428 vero
661 1361 722 1427 sibi
748 1361 823 1428 velit
847 1360 880 1431 lr.
900 1362 921 1431 l.
934 1413 944 1444 ,
967 1386 1005 1428 er
1028 1373 1122 1428 ante-

140 1467 323 1533 cedentibus
344 1465 547 1532 manilestum
570 1468 606 1532 fit
617 1516 627 1548 ,
652 1466 708 1532 ubi
731 1489 764 1532 se
785 1471 933 1538 διάκονον
955 1475 1121 1536 rucatensi

142 1573 320 1654 εὐαγγελίου
347 1578 401 1638 τοῦ
425 1574 638 1661 κηρυχθέντος
663 1578 697 1641 ἐν
721 1582 803 1662 πάσῃ
827 1585 864 1662 τῇ
889 1577 1004 1649 κτίσει,
1041 1594 1122 1662 quae

143 1676 236 1766 igitur
270 1675 431 1766 probant,
468 1675 623 1758 Paulum,
656 1700 699 1746 rs.
726 1683 790 1758 24,
824 1683 866 1745 25
899 1676 931 1744 se
965 1677 1122 1744 dicentem

142 1781 296 1848 Ecclesiae
328 1784 497 1862 tattonem,
541 1780 581 1846 ad
616 1781 815 1872 implendum
852 1789 907 1852 τὸν
940 1784 1034 1866 λόγον
1068 1788 1122 1850 τοῦ

143 1894 235 1970 θεοῦ,
260 1885 370 1952 eudem
394 1907 474 1975 quae
497 1871 670 1975 ibi'agerc.

190 1989 269 2074 Quid
299 2002 404 2054 autern
436 1988 476 2053 sit
508 2000 729 2078 argumentum
763 1986 857 2078 hujus
881 1991 1066 2074 εὐαγγελίου
1088 2009 1125 2054 uc

151 2095 263 2174 λόγου,
286 2082 416 2182 explicat
439 2117 483 2162 rs.
512 2097 552 2159 13
577 2116 665 2183 seq..
691 2093 747 2158 ubi
771 2095 838 2162 fere
862 2097 961 2166 dicit:
1011 2097 1126 2162 »lleus
1170 2125 1173 2138 Δ

150 2221 203 2264 uos
226 2199 414 2287 transposuit
439 2199 473 2264 iu
497 2220 629 2288 regnum
652 2197 727 2265 Filii
751 2201 819 2282 sui,
844 2201 877 2265 in
897 2224 960 2290 quo
974 2200 1126 2266 habemus

147 2303 371 2370 redemtionem
395 2327 454 2393 per
478 2303 574 2393 ipsius
597 2303 800 2394 sanguinem,
825 2307 1124 2396 reniumpcccutc-

144 2415 234 2489 rum;
260 2446 305 2458 -
330 2408 386 2497 qui
410 2419 455 2472 est
480 2408 582 2497 imago
606 2408 664 2472 Dei
689 2429 751 2472 nou
775 2410 1015 2499 adspectabilis,
1039 2440 1128 2496 πρω-

143 2521 268 2592 τότοκος
300 2523 399 2598 πάσης
432 2499 570 2590 κτίσεωςζ
621 2513 660 2578 Et
686 2513 752 2601 ipse
776 2527 822 2579 est
844 2527 940 2604 caput
964 2514 1127 2606 corporis,

145 2616 323 2698 Ecclesiae,
357 2617 413 2705 qui
436 2630 482 2682 est
504 2616 722 2707 principium,
747 2618 977 2710 primogenitus
1001 2641 1018 2685 e
1040 2643 1128 2685 rnor-

142 2723 222 2801 tuis,
255 2734 292 2788 ut
325 2721 408 2786 inter
439 2744 545 2786 omues
566 2721 684 2812 primas
707 2733 824 2789 teneat.
870 2723 948 2788 Nam
972 2725 1039 2790 Dec
1059 2723 1129 2813 pla·

134 2828 230 2911 cuit,
254 2839 290 2890 ut
312 2823 435 2890 habitet
459 2826 559 2890 omnis
580 2829 612 2890 in
637 2823 762 2891 Christo
786 2825 953 2916 plenitudo
974 2841 1005 2893 et
1024 2840 1058 2893 ut
1070 2849 1129 2918 per

141 2933 246 3022 ipsum
289 2929 474 3010 reconciliet
511 2929 616 2995 ornnia
656 2953 787 3010 secum,
829 2951 908 3019 pnce
950 2931 1033 2996 facta
1069 2954 1128 3020 per

143 3035 328 3127 sanguinem
378 3035 480 3102 crucis
524 3037 613 3134 ejus3
659 3057 717 3124 per
762 3033 847 3100 hunc
887 3047 1006 3119 etrus
1037 3048 1129 3102 antea

141 3141 335 3212 abalienatos
364 3162 448 3204 nnnc
480 3138 695 3204 reconciliarit
719 3151 821 3204 morte
845 3139 947 3204 carnis
971 3142 1059 3228 ejus,
1094 3152 1129 3206 ut

139 3269 193 3312 ros
226 3243 375 3309 redderet
406 3257 528 3310 sanctos
556 3256 587 3308 et
611 3242 820 3332 inculpabiles
844 3257 875 3309 et
899 3233 1130 3333 irreprehensi·

141 3349 220 3416 biles
254 3369 366 3434 ‚corum¹
397 3347 499 3436 ipsc.''
524 3385 569 3398 —
599 3347 685 3412 llaec
717 3348 911 3414 constituunt
943 3349 1039 3437 igitur
1075 3356 1130 3418 τὸν
1213 3331 1216 3340 ¹

142 3455 239 3538 λόγον
264 3464 329 3522 ,τοῦ
365 3460 462 3532 θεοῦ,
495 3475 589 3542 quern
614 3452 766 3539 ἐπλήρωσε
789 3453 924 3534 Paulus,
955 3455 1130 3536 nuncium,

143 3583 159 3624 a
195 3560 266 3625 Deo
297 3557 357 3645 ipsi
392 3557 591 3623 commissum
624 3557 663 3622 de
697 3557 819 3624 beando
852 3581 966 3648 genere
991 3555 1131 3624 humano

142 3687 200 3754 per
226 3664 338 3730 Jesum
363 3659 549 3750 Christum(
576 3663 600 3749 ).

66 3862 68 3868 ’
179 3863 223 3932 (l)
264 3862 304 3916 cf.
330 3862 399 3916 banc
421 3863 448 3914 in
472 3881 528 3916 rem
551 3882 576 3914 n.
598 3881 646 3917 un
665 3861 893 3927 arnneurnl‘lla'aa·
917 3865 945 3914 de
963 3863 1034 3932 Epp·
1054 3861 1135 3914 Paula·

142 3951 176 4000 ad
189 3947 287 4016 Epiros.
303 3959 329 4001 et
346 3949 440 4003 Gelon.
460 3953 527 4002 inter
547 3969 573 4002 aa
593 3953 710 4012 conatu,
734 3949 818 4011 1803,
839 3947 951 3999 maxime
971 3964 1000 4015 p·
1013 3945 1111 4010 Slaeq.
1120 3983 1130 4009 ,

197 4049 225 4082 ae
249 4067 255 4081 .

117 4193 119 4196 Ι
142 4033 244 4184 &mil
262 4089 337 4168 ldem
348 4125 388 4169 eat
401 4117 445 4170 bic
458 4121 538 4184 λόγος·
559 4123 610 4176 τοῦ
634 4121 707 4171 θεοῦ
726 4115 856 4184 igiturne
879 4119 912 4168 τὸ
936 4114 1129 4180 εὐαγγέλιον,

143 4215 227 4268 quare
245 4207 272 4251 ct
291 4201 393 4272 saepius
411 4209 629 4268 commutantur;
651 4201 689 4252 uti
708 4198 831 4268 probavit
850 4214 898 4252 vta
915 4213 1053 4260 minnan,
1070 4197 1089 4250 l.
1112 4197 1132 4250 l.

144 4303 171 4352 p.
190 4285 305 4336 δὶα-56.
476 4311 478 4317 ·
882 4288 901 4347 4
