2938 5080
642 499 689 572 65

618 740 636 822 ς
663 741 717 804 22.

569 865 759 934 Conclusio.
772 889 783 906 ·

217 1043 288 1124 Ita,
314 1067 372 1134 pro
394 1045 509 1112 virium
535 1060 716 1114 nostrarum
734 1047 875 1132 ratione,
900 1061 1025 1137 partem
1045 1048 1158 1138 dispu-

166 1148 301 1214 tationis
335 1149 468 1239 primam
504 1151 718 1233 absolvimus,
754 1175 792 1218 ac
827 1153 961 1219 transire
988 1135 1162 1243 ⁸possumus

167 1253 213 1320 ad
246 1257 312 1343 ejus
342 1268 464 1345 partem
498 1257 628 1338 alteram
659 1258 869 1326 tractandam.
918 1258 1008 1326 Prius
1032 1271 1161 1339 autem,

168 1381 271 1448 quam
303 1357 363 1426 hoe
394 1383 541 1450 agamus,
574 1362 663 1430 lubet
688 1385 750 1428 urvo
774 1361 879 1428 adhuc
905 1363 1042 1447 obtutu,
1077 1385 1161 1454 quae

168 1460 326 1531 hacteuus
349 1465 597 1556 disputavimus,
622 1467 664 1533 ob
688 1465 794 1532 oculos
818 1489 947 1557 ponere.
1057 1528 1060 1537 .

218 1569 290 1635 Hoc
322 1583 447 1659 ugentes
477 1574 580 1662 primo
611 1571 681 1638 loeo
710 1572 874 1654 videmus,
907 1591 1014 1658 rusum*
1039 1596 1162 1641 vocasse

168 1686 277 1738 totum
310 1697 386 1764 opus
419 1697 529 1760 suum,
563 1676 615 1742 cui
645 1675 826 1766 peragendo
861 1675 895 1740 in
929 1677 1084 1742 mundum
1107 1701 1161 1744 ve-

170 1777 248 1858 nit,
280 1779 416 1846 condere
450 1777 536 1846 hisce
570 1781 601 1844 io
632 1779 726 1846 terris
749 1780 899 1872 Regnum
920 1783 1083 1848 coelorum
1106 1803 1161 1848 scu

173 1882 242 1948 Dei
250 1929 259 1962 ,
292 1881 354 1950 hoo
385 1883 483 1974 igitur
519 1906 597 1974 opus
622 1907 744 1952 vocasse
767 1887 935 1970 μυστήριόν
961 1885 1034 1975 (per
1057 1899 1165 1977 partes

71 2031 75 2040 ·
174 1985 373 2076 spectatum,
396 1991 577 2079 μυστήρια).
625 1991 665 2056 Et
689 1989 925 2078 inquirentibus
947 1990 1057 2073 nobis,
1083 1991 1160 2080 quid

180 2093 332 2182 exipsius
355 2096 509 2162 sententia
533 2107 635 2161 assent
657 2106 833 2182 μυστήρια,
865 2095 992 2185 patuit,
1017 2117 1082 2162 esse
1107 2119 1162 2162 res

184 2197 409 2280 absconditas,
445 2202 584 2266 latentes
617 2209 730 2272 antea.
768 2213 801 2265 et
836 2199 966 2294 quidem
1003 2198 1084 2266 hanc
1119 2201 1161 2266 ob

181 2321 323 2383 causam,
342 2303 599 2393 quandoquidem
616 2304 757 2368 nondum
769 2327 803 2370 re
821 2317 852 2370 et
870 2305 955 2372 facto
970 2304 1111 2371 adessent
1124 2319 1157 2372 et

175 2405 315 2496 conspici
338 2421 483 2496 possent;
517 2431 577 2474 nec
602 2421 706 2474 tamen
723 2407 837 2473 harum
855 2431 960 2474 rerum
975 2408 1157 2476 futurarum

173 2510 321 2576 notitiam
349 2514 500 2602 majorem
531 2514 727 2579 minoremve
755 2511 854 2610 latere
877 2511 929 2578 vel
946 2510 1078 2579 ·latuisse
1101 2537 1159 2580 an·

172 2626 248 2683 tea:
275 2628 310 2682 ut
333 2616 472 2706 primum
496 2639 571 2684 vero
596 2641 645 2684 res
668 2617 741 2684 illae
763 2616 827 2684 sive
851 2619 997 2708 cognitae
1021 2619 1085 2686 sive
1109 2619 1160 2686 in·

169 2928 246 2989 vita.
268 2935 295 2978 et
318 2945 363 2981 nos
383 2927 515 2994 vidimus,
533 2938 560 2982 at
582 2937 728 2992 testamur,
750 2936 777 2979 et
792 2929 984 2980 annunciamus
996 2927 1067 2980 robis
1080 2927 1158 2980 vitam

169 3012 246 3064 ittam
266 3020 418 3079 aeternnm,
436 3031 503 3085 quae
521 3024 577 3066 erat
597 3011 670 3084 apud
695 3014 798 3066 Patrem
819 3021 845 3064 et
867 3012 942 3065 nobis
960 3013 1102 3080 conspicua
1119 3022 1159 3066 est

168 3095 273 3150 facta.”
310 3099 461 3150 Arrnunciat
477 3099 559 3168 igitur
571 3099 712 3167 Apostolus
734 3115 773 3149 res
792 3099 817 3148 io
841 3097 911 3148 tacto
925 3098 1039 3164 positar,
1059 3095 1157 3168 quibus
1238 3119 1240 3124 ·

169 3179 218 3231 iila
242 3181 347 3234 vitavit
368 3183 518 3253 patefacta,
541 3183 579 3234 uti
600 3199 676 3234 nemo
698 3200 750 3234 ooo
772 3180 851 3234 videt.
893 3184 988 3246 itaet,
1010 3199 1046 3234 vs.
1062 3183 1158 3247 l9,eo

170 3265 250 3332 ipso,
269 3263 340 3335 quod
357 3267 457 3318 ansulti
476 3285 491 3319 e
509 3267 583 3320 nobis
601 3269 708 3320 exierint
719 3268 744 3331 ,’'
763 3270 917 3336 patefactum
935 3275 988 3332 est,
1009 3283 1086 3318 anon
1098 3285 1158 3319 orn-

171 3365 220 3400 nes
245 3354 277 3402 'ex
305 3349 379 3404 nobis
396 3353 485 3412 aase;''
515 3370 538 3404 c.
559 3353 644 3405 111.2
670 3351 799 3404 habetur:
832 3349 977 3404 nuendum
1004 3354 1159 3421 patefactum

169 3441 226 3499 eat,
246 3432 312 3506 quid
327 3435 413 3486 futuri
430 3435 529 3500 simus,
540 3435 595 3497 ¹sod
612 3438 726 3489 scivuus'’
745 3446 833 3502 caet.;
856 3436 939 3505 igitur
957 3435 1049 3496 futura
1070 3444 1157 3488 nostra

170 3517 292 3570 conditio
316 3537 355 3572 res
381 3537 433 3572 noo
451 3532 489 3574 est
507 3523 596 3592 ignota
606 3561 614 3586 ,
642 3519 688 3574 ved
708 3519 829 3573 nondum
848 3537 875 3572 ra
893 3520 1019 3590 factoque
1036 3527 1156 3587 ostensa,

170 3603 317 3672 patefacta·
648 3613 651 3617 “

210 3689 424 3742 insolentissima
440 3690 565 3760 exprimit
582 3689 628 3754 id,
649 3688 722 3762 quod
740 3689 859 3758 agimus,
879 3705 904 3741 c.
916 3687 1000 3750 tvo,
1023 3683 1155 3740 dicendo:

168 3771 224 3824 nio
248 3771 299 3825 hoe
323 3791 398 3827 amor
423 3777 472 3828 Dei
491 3776 640 3845 patefactos
657 3785 698 3828 est
715 3777 742 3828 io
763 3773 854 3837 nobie,
881 3769 955 3842 qnod
972 3773 1043 3824 Deua
1061 3773 1157 3826 uitium
1235 3787 1240 3804 t

168 3873 250 3910 suurn
269 3858 435 3926 unigenitum
456 3861 555 3914 miserit
573 3860 600 3911 in
615 3858 746 3912 mrvudum
753 3898 763 3924 ,
782 3866 811 3910 ut
823 3857 969 3910 viveremus
981 3873 1029 3924 par
1041 3856 1157 3925 ipsum.¹’

171 3941 222 3992 trie
246 3941 328 4009 igitur
350 3942 440 4008 locus,
463 3951 488 3994 et
512 3945 562 3995 alia
579 3961 594 3995 a
614 3942 690 3995 uobis
707 3943 804 4006 citata,
829 3941 891 3993 satis
910 3938 1042 4008 probant,
1068 3957 1099 3992 ex
1117 3956 1158 3990 vo·

169 4034 378 4091 assumente,
402 4029 441 4104 uti
460 4046 517 4098 eam
537 4027 602 4080 haec
620 4028 669 4101 Ep.
688 4025 807 4092 exhibet,
827 4029 942 4096 patefieri
957 4021 1023 4095 quid
1040 4031 1086 4075 avit
1103 4042 1157 4093 po-

169 4112 292 4178 tcsoetum
309 4127 362 4163 essa
381 4112 408 4163 in
429 4129 456 4165 re
475 4113 621 4166 Christiana
640 4118 714 4166 retus
735 4117 763 4164 r'n
780 4115 849 4180 sunto
868 4115 967 4181 positis.
995 4108 1035 4160 Gi.
1048 4108 1158 4176 insuper.

168 4195 206 4246 li.
229 4193 274 4248 28.
292 4195 340 4250 ΙΙΙ.
358 4197 392 4261 2,
411 4200 437 4252 5.

891 4291 909 4346 5
