2958 5096
782 515 855 591 tto

326 775 390 818 nou
414 751 488 817 ideo
509 753 568 833 fit,
599 753 685 842 quod
710 775 747 819 ea
770 754 856 819 terre
877 775 941 818 non
962 755 1104 843 possint,
1138 753 1193 819 sed
1214 767 1251 819 ut
1271 753 1317 819 ab

323 858 369 922 eir
392 871 480 921 tanto
503 855 665 923 ardentius
688 859 975 947 concupiscantur,
996 871 1117 947 quanto
1138 859 1184 924 eis
1204 856 1311 924 hono-

326 959 458 1026 rabilius
479 958 680 1025 occultantur
689 961 783 1046 ”(l).

370 1063 409 1130 G.
459 1065 555 1130 llisce
583 1064 728 1143 aoeedit,
763 1065 849 1154 quod
876 1063 992 1129 horum
1013 1065 1235 1152 mysteriorum
1257 1065 1309 1130 iu·

323 1171 487 1236 stitutione
509 1191 621 1235 carere
644 1169 782 1253 vellent,
814 1193 855 1234 ne
878 1168 1040 1248 Gentiles,
1062 1169 1105 1233 ob
1128 1170 1209 1234 ritus
1233 1192 1311 1259 pro·

323 1274 395 1364 prie
427 1273 609 1364 simplices,
640 1273 783 1340 ludibrio
813 1273 969 1339 haberent
998 1275 1100 1364 ipsam
1122 1273 1311 1364 religionem

325 1375 556 1464 Christianam,
579 1401 616 1444 ac
640 1381 791 1470 insuper,
812 1403 854 1444 ne
877 1378 1052 1445 Christiani
1072 1378 1141 1460 illi,
1165 1380 1222 1468 qui
1242 1403 1313 1444 om·

323 1482 379 1546 nia
398 1505 459 1547 nec
482 1482 715 1573 intelligerut,
744 1507 804 1549 uec
826 1484 911 1548 ferre
931 1495 1079 1573 poteent,
1110 1483 1309 1549 offenderen-

324 1599 388 1656 tur.
444 1588 536 1653 Ritus
565 1589 651 1654 euim
686 1588 753 1667 illi,
791 1589 849 1678 qui
880 1589 914 1652 iu
948 1587 1038 1653 cultu
1067 1588 1202 1677 antiquo
1233 1588 1309 1654 ade·

324 1708 418 1773 rant,
450 1692 711 1760 desiderabantur
741 1694 884 1759 incultu
902 1693 1064 1783 religionis
1090 1692 1307 1762 Christianae:

324 1797 470 1887 Apostoli
490 1821 552 1863 non
567 1798 802 1888 postulaverant
825 1800 1026 1889 magnificam
1045 1799 1256 1863 initiationem
1269 1797 1311 1862 ab

323 1901 384 1982 iis,
404 1903 461 1992 qui
484 1902 657 1969 Gltristiani
676 1904 748 1970 lieri
770 1903 887 1970 rellent
899 1955 909 1984 ,
929 1904 982 1968 sed
1006 1915 1130 1968 tautum
1150 1903 1310 1968 annunci-

324 2007 423 2072 abant
452 2008 565 2074 Jesum
594 2007 781 2090 Christum,
808 2022 842 2075 et
864 2006 940 2074 huic
962 2009 1059 2072 fidem
1080 2005 1193 2073 haberi
1219 2007 1311 2073 role-

324 2111 413 2178 bant.
460 2113 548 2178 llaec
579 2114 678 2204 igitur
702 2113 877 2180 Gentilium
899 2113 941 2179 de
965 2111 1169 2202 simplicitate
1189 2113 1312 2178 rituum

325 2212 578 2284 Christianorum
607 2219 717 2308 opinio
750 2241 815 2283 non
847 2218 933 2283 omui
966 2217 1173 2282 fundamento
1201 2239 1313 2284 carere

324 2321 433 2388 multis
453 2321 641 2391 ridebatur:
668 2345 732 2412 qua
757 2324 797 2389 de
820 2347 855 2388 re
882 2321 1075 2405 Christiani,
1098 2336 1134 2387 ut
1154 2323 1310 2408 majorem

324 2427 589 2494 existimationem
611 2442 643 2494 et
665 2427 798 2518 gloriam
819 2427 1027 2494 conciliarent
1043 2426 1189 2517 religioni
1202 2424 1313 2494 Chris-

325 2531 455 2613 tianae,
480 2518 631 2619 mysteria
656 2533 823 2598 instituere
844 2532 941 2612 talia,
970 2553 1052 2619 quae
1075 2531 1234 2612 ridimus,
1255 2530 1309 2597 rel

324 2637 432 2726 potius
461 2637 556 2701 rebus
576 2659 614 2701 ex
633 2638 710 2702 Jesu
731 2638 930 2702 institutione
955 2635 1197 2726 simplicissimis
1217 2635 1313 2701 addi·

324 2739 400 2807 dere
430 2741 565 2806 formam
594 2741 753 2830 quandam
776 2742 1013 2830 mysteriorum.
1060 2742 1148 2806 Haec
1168 2741 1313 2830 ipsorum

322 2847 453 2913 Patrum
486 2847 578 2912 effata
612 2841 686 2913 satis
716 2847 894 2913 luculenter
912 2846 1092 2926 iudicant,
1134 2869 1152 2910 a
1192 2845 1310 2935 quibus

322 2973 437 3042 nempe
466 2950 529 3017 hoc
557 2951 693 3017 maxime
727 2966 877 3042 urgetur,
909 2975 951 3018 ue
974 2952 1147 3016 contemtui
1169 2973 1207 3015 ao
1228 2949 1310 3014 risui

322 3079 387 3122 uou
411 3057 609 3122 initiatorum
632 3055 712 3121 ritus
733 3057 814 3122 sacri
837 3069 1046 3146 exponantur.
1094 3055 1164 3120 Hoc
1192 3055 1257 3143 agit
1277 3077 1312 3125 c.

278 3227 282 3240 ,
322 3185 355 3250 g.
377 3181 600 3240 rrusrssrus,
639 3160 796 3242 dicendo,
822 3162 941 3227 »nelos
964 3183 1031 3226 esse
1053 3161 1201 3246 mysteria
1223 3159 1312 3248 apud

323 3287 387 3330 non
420 3264 560 3330 initiatos
580 3265 768 3343 traducere,
803 3289 844 3332 ne
867 3262 1018 3346 Ethnici,
1047 3262 1163 3328 horum
1185 3262 1288 3354 ignari
1300 3313 1313 3346 ,

323 3368 501 3449 irrideant,
534 3367 763 3436 Gatechumeui
798 3393 895 3450 vero,
930 3369 970 3434 ad
1005 3369 1220 3434 curiositatem
1243 3367 1309 3434 de-

321 3474 432 3558 ducti,
452 3473 735 3540 scandalizentur”
748 3480 811 3562 (2).
857 3475 998 3542 Eandem
1020 3496 1148 3564 quoque
1169 3474 1211 3539 ob
1233 3495 1313 3538 oau-

320 3603 386 3645 sam
408 3579 562 3669 quaedam
582 3579 615 3644 iu
637 3578 793 3670 religione
816 3579 996 3668 Christiana
1008 3601 1074 3645 esse
1085 3578 1311 3645 abscondenda

356 3805 398 3877 (l)
434 3806 549 3859 Tractat.
577 3806 664 3859 xcv1.
691 3808 724 3872 3,
754 3812 784 3860 in
809 3808 870 3861 lot·
892 3807 963 3879 opp.
983 3809 1014 3860 ¹1*-
1033 3810 1082 3859 111.
1097 3807 1127 3862 Ρ.
1147 3807 1181 3861 ΙΙ.
1199 3824 1227 3876 p.
1246 3806 1313 3861 535,

320 3892 396 4046 3⁹65
415 3890 505 4045 ¹'Apol
533 3981 563 4027 irs
589 3974 708 4030 Arianos.
743 3979 784 4030 ll.
816 3976 886 4047 opp.
913 3977 1116 4045 T.1.1’.1.p.
1138 3975 1198 4028 1³³.
1217 3974 1248 4026 B·
1265 3973 1315 4032 ed.

320 4058 438 4114 Brund:
470 4063 510 4114 Οὐ
532 4067 589 4134 χρὴ
619 4067 674 4133 γὰρ
692 4068 730 4116 τὰ
749 4069 874 4134 μυςήρνα
894 4066 1034 4132 ἀμυήτοις
1053 4064 1236 4130 τραγῳδεῖν,
1264 4059 1316 4114 ἵνα

318 4153 358 4216 μὴ
386 4142 529 4215 Ἕλληνες
556 4147 606 4210 μὲν
627 4150 802 4213 ἀγνοοῦντες
820 4151 944 4216 γελῶσι,
972 4151 1184 4217 νατηχούμινοι
1204 4145 1238 4200 di
1257 4165 1315 4200 rte·

321 4237 431 4304 plrpyos
449 4234 620 4298 γενόμενοι,
640 4235 898 4302 σκανδαλίζονται.
