2958 5096
625 451 695 522 trs

164 685 230 751 rint
259 685 439 754 sententias.
494 685 576 752 Nom
607 709 625 750 e
654 687 756 776 priori
800 708 872 754 curn
902 687 1148 754 constitueretur

166 802 232 855 tots
253 791 415 878 quaestio,
436 804 468 857 et
481 811 644 859 susurrus
656 791 752 856 solam
765 805 892 882 urgeret
903 793 1122 882 Ileijustitirm
1135 843 1147 876 ,

165 894 339 984 negligeret
372 919 447 961 reru
480 897 539 962 Dei
572 919 735 978 umorem,
768 897 825 987 qui
858 919 929 964 rere
962 919 1050 962 umor
1081 897 1147 966 dici

163 1001 263 1090 possit
275 1051 286 1081 ,
323 1001 357 1066 in
378 998 560 1067 hominibus
579 1025 637 1092 per
656 1003 766 1070 lesum
788 1002 941 1082 beandis,
965 1003 1062 1069 etium
1083 1025 1146 1070 nun

163 1091 270 1194 potuit
305 1127 368 1172 non
400 1129 466 1172 esse
498 1107 677 1175 arbitreris.
724 1108 797 1198 Ipsa
828 1107 938 1172 itidem
970 1131 1048 1188 ror,
1082 1131 1146 1198 qun

165 1231 252 1277 nnnc
281 1199 428 1300 inprimis
457 1213 649 1291 utebantur,
690 1213 910 1301 satisfactio,
932 1212 994 1278 luit
1016 1216 1146 1279 omnino

163 1314 333 1381 arbitrario
349 1328 383 1381 et
401 1315 495 1381 nimis
515 1312 736 1406 philosophice
754 1339 791 1382 oc
802 1337 892 1381 seusu
903 1316 1143 1387 iorensisumts.

208 1419 372 1488 Sententia
404 1421 501 1508 igitur
522 1434 679 1510 utroque,
709 1445 781 1488 cum
805 1421 880 1502 ills,
913 1419 1055 1488 homines
1078 1445 1144 1488 esse

162 1525 302 1614 captivos
333 1525 480 1608 Diaboli,
514 1538 582 1591 tum
605 1524 706 1608 boec,
742 1528 780 1592 iis
803 1527 1059 1593 satisfaciendum
1078 1549 1144 1592 esse

162 1629 250 1709 Deo,
274 1630 404 1720 probari
430 1629 518 1696 nullo
539 1631 633 1696 modo
656 1645 803 1722 poterut,
828 1633 873 1698 its
899 1645 935 1697 ut
958 1645 990 1698 et
1008 1645 1144 1720 utroque

159 1733 335 1800 identidem
374 1736 463 1800 noris
497 1737 753 1819 inventionibus,
792 1737 1049 1815 delinitionibus,
1087 1737 1143 1802 de-

159 1841 450 1932 scriptionibusque
479 1865 584 1907 ensem
613 1843 727 1924 deret,
758 1866 823 1909 rem
851 1865 914 1908 non
937 1845 1032 1932 magis
1054 1841 1140 1909 luri-

158 1943 255 2025 dum,
277 1946 400 2036 saepius
425 1969 500 2012 rero
526 1948 741 2013 obscuriorem
765 1947 982 2016 reddentibus·

206 2048 369 2116 Confessio
409 2051 536 2142 Belgica
580 2051 741 2126 remboc
772 2051 867 2117 modo
900 2051 1051 2140 exprimit
1071 2051 1139 2136 (1):

161 2155 262 2243 »Wij
288 2156 461 2244 gelooren,
485 2157 540 2224 dut
562 2161 651 2225 lesus
676 2155 818 2224 Christus
841 2205 943 2222 .....
973 2154 1060 2222 heeft
1071 2155 1142 2222 oieb

156 2259 266 2326 zelren
289 2261 323 2326 in
346 2285 446 2328 onren
466 2285 559 2328 nume
579 2285 656 2328 roor
677 2283 777 2350 rynen
802 2259 905 2325 Veder
923 2259 1062 2349 gesteld,
1089 2282 1140 2324 om

156 2386 258 2452 syrten
303 2379 395 2432 toorn
439 2380 471 2432 te
511 2366 617 2432 stillen
653 2368 718 2432 mel
750 2364 828 2432 rolle
860 2365 1139 2454 genoegdoeoing,

157 2467 230 2536 ricb
252 2469 359 2536 celren
388 2472 637 2562 opofferende,'’
670 2471 770 2561 rolgg.
796 2506 835 2518 -
864 2470 958 2534 »Zoo
982 2467 1069 2536 heeft
1090 2471 1141 2561 Hy

154 2573 220 2640 den
261 2573 408 2655 betaold,
451 2577 505 2643 dot
545 2579 598 2666 Hij
631 2577 699 2642 niet
729 2574 859 2665 gerooid
892 2572 991 2640 hnd.”
1049 2576 1140 2642 linnc

155 2701 226 2745 rem
262 2682 333 2746 Art.
376 2683 467 2748 XXII
501 2695 610 2750 vocnt:
653 2692 799 2770 »grootc
828 2681 1103 2770 verborgpnheid,
1118 2690 1138 2718 ”

153 2785 179 2854 i.
203 2807 233 2855 e.
255 2808 322 2851 rem
347 2809 410 2850 non
433 2785 690 2875 intelligendum
724 2784 810 2872 quod
832 2784 872 2848 de
892 2808 978 2848 nexu
1000 2807 1063 2851 non
1087 2809 1139 2850 er·

151 2888 305 2980 plicando
333 2892 415 2957 inter
450 2893 528 2958 Jesu
552 2889 672 2958 Christi
695 2901 830 2954 mortem
850 2902 882 2953 et
909 2889 1031 2953 renium
1060 2913 1136 2978 pec-

151 3007 321 3076 cetorum,
361 2995 496 3086 intelligi
544 2997 661 3063 debere
695 3017 820 3061 necesse
866 3006 924 3078 est.
982 2994 1136 3076 Etenim,

151 3121 250 3188 quem
276 3097 329 3165 bic
349 3101 415 3190 ogit
438 3099 633 3188 Confessio,
659 3123 715 3165 nos
737 3122 803 3164 esse
824 3097 1043 3164 reconciliatos
1064 3121 1137 3165 cum

150 3205 223 3272 Deo
249 3216 283 3270 et
310 3204 440 3295 quidem
472 3227 530 3295 per
552 3187 688 3272 mortem
708 3202 848 3284 Christi,
881 3225 929 3268 res
947 3217 994 3270 est
1015 3201 1137 3292 de'quo

149 3308 259 3376 nullus
283 3321 331 3376 est
350 3309 525 3394 dissensus,
553 3321 698 3400 qu'seque
723 3309 868 3375 omnibus
887 3307 1087 3399 intelligitur.

199 3413 325 3482 Seriore
357 3413 496 3504 denique
526 3438 602 3480 sero
633 3422 889 3496 uunrrucnruS,
906 3415 953 3477 uti
976 3413 1133 3495 vidimus,

148 3539 224 3586 eom
253 3517 331 3584 dixit
366 3541 433 3585 rem
462 3519 598 3584 bunnensi
627 3523 749 3587 rotione
782 3541 844 3584 non
874 3515 1134 3608 intelligendam,

146 3623 230 3690 dum
259 3645 372 3704 conse,
405 3646 504 3714 quare
533 3625 578 3691 ito
608 3624 741 3691 dicendo
772 3626 831 3708 sit,
863 3645 899 3688 ex
919 3624 986 3712 ejus
1004 3645 1135 3714 quoque
1162 3673 1170 3687 .

145 3729 325 3809 sententio,
349 3728 408 3794 situ
428 3731 519 3796 estin
532 3752 595 3795 non
608 3727 793 3820 explicando
805 3753 818 3807 ,·
838 3753 860 3792 a
865 3729 985 3817 priori
998 3778 1006 3801 ,
1031 3750 1133 3810 nexu,

117 3823 119 3826 ⁵
145 3832 208 3924 qui
239 3833 323 3900 inter
353 3835 430 3902 lesu
462 3837 637 3925 passionem
669 3846 869 3922 mortemque
896 3832 1067 3899 intercedit
1096 3857 1134 3898 sc
1214 3837 1217 3843 “

141 3937 273 4003 venium
304 3951 519 4028 peccatorum.
566 3941 646 4008 Nom
676 3940 774 4007 dicit:
812 3937 910 4003 »ursi
946 3937 985 4002 de
1018 3960 1131 4003 neces-

143 4094 264 4111 μ

184 4161 224 4232 (1)
259 4166 316 4216 Art.
338 4165 404 4221 xxt.
