2958 5096
793 515 865 590 142

337 766 448 842 spem,
481 745 685 817 dilectionem
716 749 830 833 dedit,
863 722 927 818 noo
948 751 1005 819 slot
1025 753 1316 844 penererantisnr3

337 871 410 922 tuns
448 854 522 922 filiis
554 855 664 922 alienis
693 855 810 922 scelera
839 869 926 924 tante
949 858 1108 940 dimittit,
1141 871 1240 948 utque
1260 859 1322 924 irn-

337 959 456 1053 pertite
484 962 582 1052 gratia
604 961 701 1028 faeiat
724 959 806 1028 filios
826 982 989 1034 suos....
1035 963 1098 1032 Sed
1119 964 1217 1029 etlam
1241 959 1323 1028 illutl

338 1089 402 1133 non
435 1067 539 1132 rninus
561 1067 678 1132 mirum
701 1079 770 1145 est,
806 1079 968 1134 ettamen
992 1087 1122 1150 varum,
1159 1083 1256 1156 atque
1278 1067 1324 1132 tu

338 1170 564 1252 manifestum,
588 1184 623 1237 nt
638 1191 698 1237 neo
709 1169 769 1262 ipsi
782 1169 907 1238 inimici
913 1173 1038 1262 ¹gratiae
1048 1171 1107 1238 liei
1119 1171 1280 1262 quomodo
1291 1168 1326 1234 ld

222 1357 224 1366 y
339 1287 455 1368 negent
483 1275 608 1342 valeant
630 1277 793 1358 invenire,
824 1277 909 1368 qnod
932 1277 1013 1344 ilios
1033 1277 1184 1368 quosdam
1204 1274 1327 1340 amito·

339 1400 411 1448 rorn
439 1401 592 1462 suorum,
628 1377 690 1450 hoo
722 1393 790 1464 est,
825 1397 1082 1474 regeneratorum
1104 1383 1326 1468 bonorumque

340 1483 506 1566 fidelium,
528 1485 595 1552 sine
616 1487 779 1577 Baptismo
797 1485 873 1554 hino
894 1487 1042 1578 parvulos
1064 1499 1234 1565 exeuntes,
1253 1483 1326 1574 qui-

340 1591 399 1658 bus
420 1591 531 1681 utique
555 1591 582 1656 si
599 1590 694 1657 vellet
716 1590 812 1682 hans
833 1593 951 1660 lavacri
968 1593 1104 1683 gretiam
1120 1600 1327 1682 pronus-aret,

341 1697 375 1762 in
398 1697 487 1785 eujus
515 1707 672 1786 potestate
693 1710 765 1763 sunt
787 1698 915 1777 omnia,
947 1697 1063 1763 alienat
1087 1719 1105 1762 o
1127 1714 1227 1784 repo
1250 1711 1326 1776 suo,

340 1823 405 1892 quo
426 1814 571 1892 parentes
591 1802 691 1867 mittit
714 1801 864 1881 illorum,
887 1815 919 1868 et
941 1802 1095 1892 quosdam
1115 1801 1198 1866 lilios
1220 1797 1329 1863 inlusi·

340 1929 452 1974 eorum
481 1928 610 1971 suorum
637 1906 715 1972 faoit
736 1907 769 1971 in
792 1925 901 1973 manus
922 1905 1176 1974 Christianorum
1194 1902 1325 1981 tanne,

341 2021 375 2077 et
406 2031 465 2100 per
492 2008 554 2076 hoo
584 2009 743 2076 lavacrum
775 2011 952 2078 introducit
974 2013 1008 2078 io
1030 2029 1186 2101 regnunt,
1224 2028 1327 2096 equo

341 2127 487 2206 parentes
522 2114 616 2181 alieni
648 2125 741 2185 sunt:
782 2139 855 2183 oum
885 2127 917 2183 et
939 2117 1002 2184 illis
1028 2116 1175 2196 mulum,
1208 2110 1329 2179 stlatis

342 2219 462 2315 bonurn
485 2220 634 2286 meritum
660 2220 783 2288 nullum
806 2222 846 2288 sit
872 2222 1036 2314 parvulis,
1063 2239 1230 2288 ereetum
1248 2235 1329 2307 pro·

341 2325 412 2415 pria
444 2323 618 2394 voluntate.
677 2323 773 2393 Certe
809 2324 863 2392 hio
896 2325 1020 2415 judioia
1054 2325 1135 2407 Ilei,
1174 2321 1327 2414 quoniam

337 2432 422 2519 justa
445 2439 477 2496 et
497 2428 560 2496 alta
585 2439 681 2510 sunt,
701 2450 761 2497 ueo
782 2431 957 2522 vituperari
975 2443 1127 2522 possunt,
1151 2449 1211 2495 neo
1228 2445 1328 2518 pene·

341 2535 421 2602 trarl
435 2581 535 2601 .....
582 2533 650 2601 Neo
685 2535 841 2602 miremur
872 2557 929 2602 nos
957 2537 1112 2627 vestigare
1140 2553 1204 2600 oon
1237 2549 1328 2622 posse

343 2638 575 2729 investigabiles
600 2639 665 2704 vias
688 2642 768 2728 ejus.
816 2641 860 2708 Ut
891 2643 974 2706 eninr
1002 2641 1062 2707 alia
1084 2635 1329 2705 innumerabilia

343 2755 489 2823 taceam,
523 2765 608 2832 quae
623 2741 691 2810 aliis
711 2743 848 2825 dantur,
875 2745 945 2810 aliis
962 2767 1026 2812 non
1047 2745 1162 2811 dautur
1180 2737 1326 2809 homini·

344 2847 403 2914 bus
423 2869 440 2913 a
459 2846 596 2913 Domino
615 2848 703 2929 lieo,
726 2847 811 2946 apud
830 2869 928 2938 quern
951 2869 1012 2916 uon
1034 2847 1238 2938 estreeeptio
1250 2865 1329 2936 pea-

343 2971 511 3036 sonatum,
533 2973 594 3018 neo
614 2952 801 3020 tribuuntur
815 2957 873 3019 istu
888 2953 1009 3020 meritis
1022 2951 1221 3020 voluntatum
1231 2953 1254 2986 '²
1265 2949 1327 3038 (1).

345 3055 435 3124 tlibi
465 3055 621 3125 habetur:
673 3056 840 3123 »Proinde
868 3055 987 3123 librum
1008 3057 1056 3123 rel
1079 3053 1243 3147 epistolam
1261 3073 1332 3119 me·

344 3183 396 3228 am
409 3209 536 3245 ......
568 3161 741 3228 secondum
773 3159 856 3228 hano
882 3162 978 3228 iidem
998 3159 1187 3252 iutelligite,
1218 3172 1255 3226 ut
1273 3177 1331 3224 ne-

346 3287 409 3357 que
440 3267 561 3356 negetis
593 3267 652 3333 Dei
683 3267 841 3358 gratiam,
874 3281 979 3358 nuque
1001 3267 1139 3334 liberum
1159 3263 1330 3332 arbitrium

344 3363 391 3438 sio
417 3367 614 3454 desentiatis,
643 3383 678 3438 ut
710 3395 728 3438 e
754 3373 814 3439 Dei
836 3373 936 3462 gratio
957 3372 1135 3463 separetis,
1165 3383 1330 3460 temque·

347 3477 414 3544 sine
433 3475 501 3543 filla
532 3475 580 3544 tel
615 3477 754 3568 cogitare
788 3473 909 3566 aliquid
940 3477 990 3544 tel
1029 3497 1123 3568 agere
1157 3459 1366 3542 seeunduar'

347 3581 450 3652 Deum
472 3581 536 3650 ulls
557 3583 682 3650 ratione
700 3585 873 3673 possimus,
904 3582 989 3672 quod
1015 3582 1145 3648 omniuo
1166 3600 1230 3646 non
1252 3597 1332 3670 pos·

347 3697 491 3759 sumus.”
512 3727 557 3742 --
581 3690 683 3778 »Ipse
703 3691 774 3754 'non
795 3687 1004 3778 intelligitur,
1030 3687 1157 3776 quando
1180 3683 1334 3752 difficilli-

346 3813 431 3888 munr
462 3794 701 3884 quaestionem,
732 3805 764 3860 et
792 3794 902 3884 paucis
924 3791 1183 3883 intelligibilm,
1212 3788 1333 3856 solvere

347 3911 443 3989 utque
476 3897 633 3966 denodare
667 3911 809 3966 conatur.
857 3901 930 3990 lpsa
956 3898 1106 3965 eutonius
1128 3893 1272 3986 quaestio
1292 3893 1333 3962 tle

385 4155 449 4294 {ilc
469 4156 641 4292 lssllorlrspt·
658 4165 684 4210 st
702 4155 778 4211 (irat.
797 4153 868 4226 Vlll·
889 4153 941 4221 l'l,
963 4154 1005 4208 ts.
1028 4151 1097 4224 opp.
1115 4147 1147 4204 Τ.
1166 4147 1199 4206 x.
1217 4145 1247 4205 Ρ.
1260 4149 1285 4202 l.
1305 4165 1336 4218 p.

346 4241 412 4295 50.
451 4279 457 4294 .
503 4257 554 4293 .e.
585 4272 592 4292 .
