<?xml version="1.0" encoding="UTF-8"?>
<!DOCTYPE html PUBLIC "-//W3C//DTD XHTML 1.0 Transitional//EN"
    "http://www.w3.org/TR/xhtml1/DTD/xhtml1-transitional.dtd">
<html xmlns="http://www.w3.org/1999/xhtml" xml:lang="en" lang="en">
 <head>
  <title>
</title>
<meta http-equiv="Content-Type" content="text/html;charset=utf-8" />
  <meta name='ocr-system' content='tesseract 3.04.00' />
  <meta name='ocr-capabilities' content='ocr_page ocr_carea ocr_par ocr_line ocrx_word'/>
</head>
<body>
  <div class='ocr_page' id='page_1' title='image "./demysteriisinre00boelgoog_0131.png"; bbox 0 0 2958 5096; ppageno 0'>
   <div class='ocr_carea' id='block_1_1' title="bbox 652 1291 936 1378">
    <p class='ocr_par' dir='ltr' id='par_1_1' title="bbox 652 1291 936 1378">
     <span class='ocr_line' id='line_1_1' title="bbox 652 1291 936 1378; baseline 0.007 -2"><span class='ocrx_word' id='word_1_1' title='bbox 652 1291 841 1378; x_wconf 83' lang='lat' dir='ltr'><strong>SEC&#39;I&#39;IC</strong></span> <span class='ocrx_word' id='word_1_2' title='bbox 873 1293 936 1378; x_wconf 88' lang='grc' dir='ltr'><strong>ΙΙ.</strong></span> 
     </span>
    </p>
   </div>
   <div class='ocr_carea' id='block_1_2' title="bbox 363 1493 1226 1714">
    <p class='ocr_par' dir='ltr' id='par_1_2' title="bbox 363 1493 1226 1714">
     <span class='ocr_line' id='line_1_2' title="bbox 363 1493 1226 1602; baseline 0.006 -27"><span class='ocrx_word' id='word_1_3' title='bbox 363 1515 607 1592; x_wconf 80' lang='lat' dir='ltr'><strong>mommsen,</strong></span> <span class='ocrx_word' id='word_1_4' title='bbox 638 1493 711 1580; x_wconf 83' lang='lat' dir='ltr'><strong>cun</strong></span> <span class='ocrx_word' id='word_1_5' title='bbox 730 1509 925 1602; x_wconf 73' lang='grc' dir='ltr'><strong><em>μυστήρια</em></strong></span> <span class='ocrx_word' id='word_1_6' title='bbox 946 1517 988 1578; x_wconf 88' lang='lat' dir='ltr'><strong>m</strong></span> <span class='ocrx_word' id='word_1_7' title='bbox 1018 1517 1226 1580; x_wconf 77' lang='lat' dir='ltr'><strong>narremur</strong></span> 
     </span>
     <span class='ocr_line' id='line_1_3' title="bbox 452 1640 1136 1714; baseline 0.003 -14"><span class='ocrx_word' id='word_1_8' title='bbox 452 1640 681 1714; x_wconf 77' lang='lat' dir='ltr'><strong>euarsnmr</strong></span> <span class='ocrx_word' id='word_1_9' title='bbox 701 1643 846 1704; x_wconf 73' lang='lat' dir='ltr'><strong>nanna-</strong></span> <span class='ocrx_word' id='word_1_10' title='bbox 864 1643 950 1704; x_wconf 84' lang='lat' dir='ltr'><strong>srnr</strong></span> <span class='ocrx_word' id='word_1_11' title='bbox 971 1642 1040 1703; x_wconf 84' lang='lat' dir='ltr'><strong>ans</strong></span> <span class='ocrx_word' id='word_1_12' title='bbox 1061 1642 1136 1704; x_wconf 86' lang='lat' dir='ltr'><strong>non</strong></span> 
     </span>
    </p>
   </div>
   <div class='ocr_carea' id='block_1_3' title="bbox 640 1766 953 1830">
    <p class='ocr_par' dir='ltr' id='par_1_3' title="bbox 640 1766 953 1830">
     <span class='ocr_line' id='line_1_4' title="bbox 640 1766 953 1830; baseline 0.016 -4"><span class='ocrx_word' id='word_1_13' title='bbox 640 1766 953 1830; x_wconf 72' lang='lat' dir='ltr'><strong>INTELLlGEllllrlll.</strong></span> 
     </span>
    </p>
   </div>
   <div class='ocr_carea' id='block_1_4' title="bbox 488 2064 1114 2111">
    <p class='ocr_par' dir='ltr' id='par_1_4' title="bbox 488 2064 1114 2111">
     <span class='ocr_line' id='line_1_5' title="bbox 488 2064 1114 2111; baseline 0.003 -9"><span class='ocrx_word' id='word_1_14' title='bbox 488 2064 1114 2111; x_wconf 41' lang='lat' dir='ltr'><strong>*we-*W</strong></span> 
     </span>
    </p>
   </div>
   <div class='ocr_carea' id='block_1_5' title="bbox 752 2337 847 2421">
    <p class='ocr_par' dir='ltr' id='par_1_5' title="bbox 752 2337 847 2421">
     <span class='ocr_line' id='line_1_6' title="bbox 752 2337 847 2421; baseline 0.021 -22"><span class='ocrx_word' id='word_1_15' title='bbox 752 2339 770 2421; x_wconf 68' lang='grc' dir='ltr'><strong>ς</strong></span> <span class='ocrx_word' id='word_1_16' title='bbox 794 2337 847 2401; x_wconf 83' lang='lat'><strong>40.</strong></span> 
     </span>
    </p>
   </div>
   <div class='ocr_carea' id='block_1_6' title="bbox 304 2469 1298 3202">
    <p class='ocr_par' dir='ltr' id='par_1_6' title="bbox 304 2469 1298 3202">
     <span class='ocr_line' id='line_1_7' title="bbox 309 2469 1292 2596; baseline 0 -25"><span class='ocrx_word' id='word_1_17' title='bbox 309 2469 525 2594; x_wconf 79' lang='lat' dir='ltr'><strong>Incipiamus</strong></span> <span class='ocrx_word' id='word_1_18' title='bbox 556 2506 720 2594; x_wconf 78' lang='lat' dir='ltr'>inquirere</span> <span class='ocrx_word' id='word_1_19' title='bbox 741 2507 775 2570; x_wconf 93' lang='lat' dir='ltr'><strong>in</strong></span> <span class='ocrx_word' id='word_1_20' title='bbox 795 2506 951 2596; x_wconf 80' lang='lat' dir='ltr'><strong>originem</strong></span> <span class='ocrx_word' id='word_1_21' title='bbox 976 2505 1055 2574; x_wconf 82' lang='lat' dir='ltr'><strong>ullus</strong></span> <span class='ocrx_word' id='word_1_22' title='bbox 1076 2492 1292 2587; x_wconf 74' lang='lat' dir='ltr'><strong>diversitatis,</strong></span> 
     </span>
     <span class='ocr_line' id='line_1_8' title="bbox 305 2608 1293 2700; baseline 0.003 -27"><span class='ocrx_word' id='word_1_23' title='bbox 305 2611 368 2698; x_wconf 78' lang='lat' dir='ltr'><strong>quir</strong></span> <span class='ocrx_word' id='word_1_24' title='bbox 388 2608 559 2676; x_wconf 76' lang='lat' dir='ltr'><strong>Christiani</strong></span> <span class='ocrx_word' id='word_1_25' title='bbox 583 2635 600 2674; x_wconf 90' lang='lat' dir='ltr'><strong>a</strong></span> <span class='ocrx_word' id='word_1_26' title='bbox 619 2611 697 2676; x_wconf 87' lang='lat' dir='ltr'><strong>Jesu</strong></span> <span class='ocrx_word' id='word_1_27' title='bbox 716 2610 1004 2700; x_wconf 81' lang='lat' dir='ltr'><strong>Apostolorumque</strong></span> <span class='ocrx_word' id='word_1_28' title='bbox 1031 2612 1186 2677; x_wconf 89' lang='lat' dir='ltr'><strong>sentiendi</strong></span> <span class='ocrx_word' id='word_1_29' title='bbox 1212 2611 1293 2676; x_wconf 89' lang='lat' dir='ltr'><strong>rati·</strong></span> 
     </span>
     <span class='ocr_line' id='line_1_9' title="bbox 305 2713 1288 2802; baseline 0.002 -23"><span class='ocrx_word' id='word_1_30' title='bbox 305 2737 365 2779; x_wconf 92' lang='lat' dir='ltr'><strong>one</strong></span> <span class='ocrx_word' id='word_1_31' title='bbox 391 2714 431 2780; x_wconf 90' lang='lat' dir='ltr'><strong>de</strong></span> <span class='ocrx_word' id='word_1_32' title='bbox 450 2715 609 2802; x_wconf 78' lang='lat' dir='ltr'><strong>mysteriis</strong></span> <span class='ocrx_word' id='word_1_33' title='bbox 631 2727 847 2795; x_wconf 82' lang='lat' dir='ltr'><strong>recesserunt,</strong></span> <span class='ocrx_word' id='word_1_34' title='bbox 877 2728 910 2780; x_wconf 94' lang='lat' dir='ltr'><strong>et</strong></span> <span class='ocrx_word' id='word_1_35' title='bbox 932 2713 1012 2781; x_wconf 87' lang='lat' dir='ltr'><strong>haee</strong></span> <span class='ocrx_word' id='word_1_36' title='bbox 1036 2715 1217 2781; x_wconf 88' lang='lat' dir='ltr'><strong>habuerunt</strong></span> <span class='ocrx_word' id='word_1_37' title='bbox 1236 2737 1288 2782; x_wconf 88' lang='lat' dir='ltr'><strong>res</strong></span> 
     </span>
     <span class='ocr_line' id='line_1_10' title="bbox 304 2819 1298 2910; baseline 0 -27"><span class='ocrx_word' id='word_1_38' title='bbox 304 2841 368 2884; x_wconf 93' lang='lat' dir='ltr'><strong>nou</strong></span> <span class='ocrx_word' id='word_1_39' title='bbox 393 2819 623 2910; x_wconf 79' lang='lat' dir='ltr'><strong>intelligendas.</strong></span> <span class='ocrx_word' id='word_1_40' title='bbox 672 2819 864 2886; x_wconf 85' lang='lat' dir='ltr'><strong>Referebant</strong></span> <span class='ocrx_word' id='word_1_41' title='bbox 899 2819 938 2886; x_wconf 83' lang='lat' dir='ltr'><strong>ad</strong></span> <span class='ocrx_word' id='word_1_42' title='bbox 971 2819 1027 2886; x_wconf 85' lang='lat' dir='ltr'><strong>has</strong></span> <span class='ocrx_word' id='word_1_43' title='bbox 1053 2822 1148 2887; x_wconf 89' lang='lat' dir='ltr'><strong>etiam</strong></span> <span class='ocrx_word' id='word_1_44' title='bbox 1178 2821 1298 2886; x_wconf 80' lang='lat' dir='ltr'><strong>Trini-</strong></span> 
     </span>
     <span class='ocr_line' id='line_1_11' title="bbox 305 2923 1297 3015; baseline 0.001 -26"><span class='ocrx_word' id='word_1_45' title='bbox 305 2935 417 2994; x_wconf 79' lang='lat' dir='ltr'><strong>tatem.</strong></span> <span class='ocrx_word' id='word_1_46' title='bbox 463 2926 502 2991; x_wconf 91' lang='lat' dir='ltr'><strong>ln</strong></span> <span class='ocrx_word' id='word_1_47' title='bbox 520 2923 603 2990; x_wconf 87' lang='lat' dir='ltr'><strong>hano</strong></span> <span class='ocrx_word' id='word_1_48' title='bbox 621 2924 720 3014; x_wconf 78' lang='lat' dir='ltr'><strong>igitur</strong></span> <span class='ocrx_word' id='word_1_49' title='bbox 744 2925 907 3014; x_wconf 82' lang='lat' dir='ltr'><strong>primum,</strong></span> <span class='ocrx_word' id='word_1_50' title='bbox 933 2949 1029 3012; x_wconf 88' lang='lat' dir='ltr'><strong>quam</strong></span> <span class='ocrx_word' id='word_1_51' title='bbox 1053 2938 1199 2990; x_wconf 82' lang='lat' dir='ltr'><strong>accurate</strong></span> <span class='ocrx_word' id='word_1_52' title='bbox 1221 2948 1297 3015; x_wconf 87' lang='lat' dir='ltr'><strong>pos·</strong></span> 
     </span>
     <span class='ocr_line' id='line_1_12' title="bbox 306 3028 1298 3120; baseline -0.001 -26"><span class='ocrx_word' id='word_1_53' title='bbox 306 3029 420 3108; x_wconf 88' lang='lat' dir='ltr'><strong>simus,</strong></span> <span class='ocrx_word' id='word_1_54' title='bbox 444 3028 666 3117; x_wconf 79' lang='lat' dir='ltr'><strong>inquiramus,</strong></span> <span class='ocrx_word' id='word_1_55' title='bbox 696 3041 732 3093; x_wconf 90' lang='lat' dir='ltr'><strong>ut</strong></span> <span class='ocrx_word' id='word_1_56' title='bbox 755 3028 795 3095; x_wconf 90' lang='lat' dir='ltr'><strong>de</strong></span> <span class='ocrx_word' id='word_1_57' title='bbox 817 3029 939 3120; x_wconf 78' lang='lat' dir='ltr'><strong>origine</strong></span> <span class='ocrx_word' id='word_1_58' title='bbox 961 3028 1184 3119; x_wconf 87' lang='lat' dir='ltr'><strong>appellationis</strong></span> <span class='ocrx_word' id='word_1_59' title='bbox 1205 3051 1298 3118; x_wconf 73' lang='lat' dir='ltr'><strong>mys·</strong></span> 
     </span>
     <span class='ocr_line' id='line_1_13' title="bbox 307 3134 748 3202; baseline 0.002 -3"><span class='ocrx_word' id='word_1_60' title='bbox 307 3138 427 3199; x_wconf 84' lang='lat' dir='ltr'><strong>terium</strong></span> <span class='ocrx_word' id='word_1_61' title='bbox 451 3134 601 3199; x_wconf 84' lang='lat' dir='ltr'><strong>certiores</strong></span> <span class='ocrx_word' id='word_1_62' title='bbox 625 3135 748 3202; x_wconf 91' lang='lat' dir='ltr'><strong>fiamus.</strong></span> 
     </span>
    </p>
   </div>
   <div class='ocr_carea' id='block_1_7' title="bbox 246 3237 1298 4065">
    <p class='ocr_par' dir='ltr' id='par_1_7' title="bbox 246 3237 1298 4065">
     <span class='ocr_line' id='line_1_14' title="bbox 351 3237 1288 3322; baseline 0.003 -18"><span class='ocrx_word' id='word_1_63' title='bbox 351 3238 464 3304; x_wconf 89' lang='lat' dir='ltr'><strong>Primis</strong></span> <span class='ocrx_word' id='word_1_64' title='bbox 490 3238 537 3304; x_wconf 88' lang='lat' dir='ltr'><strong>rei</strong></span> <span class='ocrx_word' id='word_1_65' title='bbox 566 3237 765 3306; x_wconf 80' lang='lat' dir='ltr'><strong>Christianae</strong></span> <span class='ocrx_word' id='word_1_66' title='bbox 791 3239 921 3304; x_wconf 86' lang='lat' dir='ltr'><strong>saeculis</strong></span> <span class='ocrx_word' id='word_1_67' title='bbox 942 3239 982 3305; x_wconf 90' lang='lat' dir='ltr'><strong>de</strong></span> <span class='ocrx_word' id='word_1_68' title='bbox 1001 3241 1115 3322; x_wconf 88' lang='lat' dir='ltr'><strong>Patre,</strong></span> <span class='ocrx_word' id='word_1_69' title='bbox 1146 3239 1228 3308; x_wconf 76' lang='lat' dir='ltr'><strong>Ililio</strong></span> <span class='ocrx_word' id='word_1_70' title='bbox 1254 3254 1288 3307; x_wconf 89' lang='lat' dir='ltr'><strong>et</strong></span> 
     </span>
     <span class='ocr_line' id='line_1_15' title="bbox 307 3342 1298 3437; baseline -0.001 -26"><span class='ocrx_word' id='word_1_71' title='bbox 307 3342 432 3433; x_wconf 89' lang='lat' dir='ltr'><strong>Spiritu</strong></span> <span class='ocrx_word' id='word_1_72' title='bbox 452 3343 485 3410; x_wconf 89' lang='lat' dir='ltr'><strong>S.</strong></span> <span class='ocrx_word' id='word_1_73' title='bbox 511 3367 623 3432; x_wconf 87' lang='lat' dir='ltr'><strong>parum</strong></span> <span class='ocrx_word' id='word_1_74' title='bbox 646 3357 692 3410; x_wconf 91' lang='lat' dir='ltr'><strong>est</strong></span> <span class='ocrx_word' id='word_1_75' title='bbox 715 3345 991 3434; x_wconf 84' lang='lat' dir='ltr'><strong>disputatum(l)‚</strong></span> <span class='ocrx_word' id='word_1_76' title='bbox 1018 3368 1091 3410; x_wconf 91' lang='lat' dir='ltr'><strong>nam</strong></span> <span class='ocrx_word' id='word_1_77' title='bbox 1110 3347 1209 3437; x_wconf 77' lang='lat' dir='ltr'><strong>magis</strong></span> <span class='ocrx_word' id='word_1_78' title='bbox 1221 3367 1298 3411; x_wconf 79' lang='lat' dir='ltr'><strong>vex-</strong></span> 
     </span>
     <span class='ocr_line' id='line_1_16' title="bbox 308 3448 1298 3540; baseline 0.002 -28"><span class='ocrx_word' id='word_1_79' title='bbox 308 3471 399 3514; x_wconf 83' lang='lat' dir='ltr'><strong>avere</strong></span> <span class='ocrx_word' id='word_1_80' title='bbox 432 3448 576 3515; x_wconf 88' lang='lat' dir='ltr'><strong>homines</strong></span> <span class='ocrx_word' id='word_1_81' title='bbox 605 3449 675 3514; x_wconf 87' lang='lat' dir='ltr'><strong>lites</strong></span> <span class='ocrx_word' id='word_1_82' title='bbox 709 3450 748 3514; x_wconf 89' lang='lat' dir='ltr'><strong>de</strong></span> <span class='ocrx_word' id='word_1_83' title='bbox 781 3449 856 3514; x_wconf 78' lang='lat' dir='ltr'><strong>llilii</strong></span> <span class='ocrx_word' id='word_1_84' title='bbox 891 3450 950 3514; x_wconf 88' lang='lat' dir='ltr'><strong>Dei</strong></span> <span class='ocrx_word' id='word_1_85' title='bbox 986 3463 1121 3530; x_wconf 84' lang='lat' dir='ltr'><strong>natura,</strong></span> <span class='ocrx_word' id='word_1_86' title='bbox 1153 3473 1234 3540; x_wconf 86' lang='lat' dir='ltr'><strong>quae</strong></span> <span class='ocrx_word' id='word_1_87' title='bbox 1257 3473 1298 3515; x_wconf 84' lang='lat' dir='ltr'><strong>ex</strong></span> 
     </span>
     <span class='ocr_line' id='line_1_17' title="bbox 307 3551 1294 3645; baseline 0.003 -28"><span class='ocrx_word' id='word_1_88' title='bbox 307 3553 392 3618; x_wconf 80' lang='lat' dir='ltr'><strong>varie</strong></span> <span class='ocrx_word' id='word_1_89' title='bbox 423 3551 673 3622; x_wconf 85' lang='lat' dir='ltr'><strong>Christianorum</strong></span> <span class='ocrx_word' id='word_1_90' title='bbox 700 3552 808 3618; x_wconf 88' lang='lat' dir='ltr'><strong>indole</strong></span> <span class='ocrx_word' id='word_1_91' title='bbox 839 3553 940 3618; x_wconf 82' lang='lat' dir='ltr'><strong>sarias</strong></span> <span class='ocrx_word' id='word_1_92' title='bbox 966 3555 1143 3644; x_wconf 85' lang='lat' dir='ltr'><strong>produxere</strong></span> <span class='ocrx_word' id='word_1_93' title='bbox 1165 3555 1294 3645; x_wconf 91' lang='lat' dir='ltr'><strong>opinio·</strong></span> 
     </span>
     <span class='ocr_line' id='line_1_18' title="bbox 307 3658 1298 3726; baseline 0.002 -4"><span class='ocrx_word' id='word_1_94' title='bbox 307 3681 373 3726; x_wconf 87' lang='lat' dir='ltr'><strong>nes.</strong></span> <span class='ocrx_word' id='word_1_95' title='bbox 421 3659 548 3724; x_wconf 89' lang='lat' dir='ltr'><strong>Litibus</strong></span> <span class='ocrx_word' id='word_1_96' title='bbox 582 3659 622 3724; x_wconf 91' lang='lat' dir='ltr'><strong>de</strong></span> <span class='ocrx_word' id='word_1_97' title='bbox 652 3658 728 3726; x_wconf 80' lang='lat' dir='ltr'><strong>Filii</strong></span> <span class='ocrx_word' id='word_1_98' title='bbox 765 3679 838 3723; x_wconf 89' lang='lat' dir='ltr'><strong>eum</strong></span> <span class='ocrx_word' id='word_1_99' title='bbox 869 3660 961 3724; x_wconf 86' lang='lat' dir='ltr'><strong>Patre</strong></span> <span class='ocrx_word' id='word_1_100' title='bbox 992 3658 1144 3725; x_wconf 87' lang='lat' dir='ltr'><strong>relatione</strong></span> <span class='ocrx_word' id='word_1_101' title='bbox 1179 3661 1298 3726; x_wconf 88' lang='lat' dir='ltr'><strong>aeriter</strong></span> 
     </span>
     <span class='ocr_line' id='line_1_19' title="bbox 308 3763 1297 3853; baseline 0 -25"><span class='ocrx_word' id='word_1_102' title='bbox 308 3763 433 3853; x_wconf 81' lang='lat' dir='ltr'><strong>agitatis</strong></span> <span class='ocrx_word' id='word_1_103' title='bbox 463 3764 558 3828; x_wconf 85' lang='lat' dir='ltr'><strong>linem</strong></span> <span class='ocrx_word' id='word_1_104' title='bbox 589 3765 752 3853; x_wconf 87' lang='lat' dir='ltr'><strong>imponere</strong></span> <span class='ocrx_word' id='word_1_105' title='bbox 785 3776 933 3828; x_wconf 83' lang='lat' dir='ltr'><strong>conatum</strong></span> <span class='ocrx_word' id='word_1_106' title='bbox 960 3776 1006 3830; x_wconf 90' lang='lat' dir='ltr'><strong>est</strong></span> <span class='ocrx_word' id='word_1_107' title='bbox 1029 3763 1206 3830; x_wconf 83' lang='lat' dir='ltr'><strong>Concilium</strong></span> <span class='ocrx_word' id='word_1_108' title='bbox 1230 3765 1297 3831; x_wconf 89' lang='lat' dir='ltr'><strong>Ni-</strong></span> 
     </span>
     <span class='ocr_line' id='line_1_20' title="bbox 246 3861 1297 3958; baseline 0 -24"><span class='ocrx_word' id='word_1_109' title='bbox 246 3910 249 3922; x_wconf 92' lang='lat'><em>·</em></span> <span class='ocrx_word' id='word_1_110' title='bbox 310 3891 438 3939; x_wconf 84' lang='lat' dir='ltr'><strong>caenum</strong></span> <span class='ocrx_word' id='word_1_111' title='bbox 458 3870 498 3948; x_wconf 92' lang='lat' dir='ltr'><strong>l,</strong></span> <span class='ocrx_word' id='word_1_112' title='bbox 522 3867 567 3932; x_wconf 90' lang='lat' dir='ltr'><strong>nil</strong></span> <span class='ocrx_word' id='word_1_113' title='bbox 588 3891 661 3934; x_wconf 82' lang='lat' dir='ltr'><strong>vero</strong></span> <span class='ocrx_word' id='word_1_114' title='bbox 687 3861 882 3934; x_wconf 82' lang='lat' dir='ltr'><strong>constituens</strong></span> <span class='ocrx_word' id='word_1_115' title='bbox 900 3867 940 3934; x_wconf 91' lang='lat' dir='ltr'><strong>de</strong></span> <span class='ocrx_word' id='word_1_116' title='bbox 958 3869 1080 3958; x_wconf 90' lang='lat' dir='ltr'><strong>Spiritu</strong></span> <span class='ocrx_word' id='word_1_117' title='bbox 1092 3869 1147 3950; x_wconf 87' lang='lat' dir='ltr'><strong>S.,</strong></span> <span class='ocrx_word' id='word_1_118' title='bbox 1172 3882 1297 3935; x_wconf 86' lang='lat' dir='ltr'><strong>tantum</strong></span> 
     </span>
     <span class='ocr_line' id='line_1_21' title="bbox 308 3973 1296 4065; baseline 0.002 -27"><span class='ocrx_word' id='word_1_119' title='bbox 308 3973 449 4060; x_wconf 75' lang='lat' dir='ltr'><strong>symbolo</strong></span> <span class='ocrx_word' id='word_1_120' title='bbox 481 3973 597 4039; x_wconf 87' lang='lat' dir='ltr'><strong>uddens</strong></span> <span class='ocrx_word' id='word_1_121' title='bbox 632 3975 748 4044; x_wconf 84' lang='lat' dir='ltr'><strong>rerba:</strong></span> <span class='ocrx_word' id='word_1_122' title='bbox 788 3973 977 4040; x_wconf 86' lang='lat' dir='ltr'><strong>»eredimus</strong></span> <span class='ocrx_word' id='word_1_123' title='bbox 1011 3989 1044 4041; x_wconf 91' lang='lat' dir='ltr'><strong>et</strong></span> <span class='ocrx_word' id='word_1_124' title='bbox 1075 3975 1106 4039; x_wconf 91' lang='lat' dir='ltr'><strong>in</strong></span> <span class='ocrx_word' id='word_1_125' title='bbox 1138 3974 1296 4065; x_wconf 89' lang='lat' dir='ltr'><strong>Spiritum</strong></span> 
     </span>
    </p>
   </div>
   <div class='ocr_carea' id='block_1_8' title="bbox 346 4208 1294 4284">
    <p class='ocr_par' dir='ltr' id='par_1_8' title="bbox 346 4208 1294 4284">
     <span class='ocr_line' id='line_1_22' title="bbox 346 4208 1294 4284; baseline -0.001 -20"><span class='ocrx_word' id='word_1_126' title='bbox 346 4210 384 4278; x_wconf 74' lang='lat' dir='ltr'><strong>ll)</strong></span> <span class='ocrx_word' id='word_1_127' title='bbox 422 4209 463 4264; x_wconf 81' lang='lat' dir='ltr'><strong>Gi.</strong></span> <span class='ocrx_word' id='word_1_128' title='bbox 475 4227 598 4276; x_wconf 79' lang='lat' dir='ltr'><strong>ermen,</strong></span> <span class='ocrx_word' id='word_1_129' title='bbox 620 4210 710 4265; x_wconf 76' lang='lat' dir='ltr'><strong>Coreli.</strong></span> <span class='ocrx_word' id='word_1_130' title='bbox 723 4214 749 4266; x_wconf 79' lang='lat' dir='ltr'><strong>d.</strong></span> <span class='ocrx_word' id='word_1_131' title='bbox 769 4210 875 4266; x_wconf 66' lang='lat' dir='ltr'><strong>certet</strong></span> <span class='ocrx_word' id='word_1_132' title='bbox 890 4211 995 4266; x_wconf 74' lang='lat' dir='ltr'><strong>Ktrota·</strong></span> <span class='ocrx_word' id='word_1_133' title='bbox 1006 4229 1035 4284; x_wconf 84' lang='lat' dir='ltr'><strong>p.</strong></span> <span class='ocrx_word' id='word_1_134' title='bbox 1046 4211 1090 4265; x_wconf 76' lang='lat'><strong>69.</strong></span> <span class='ocrx_word' id='word_1_135' title='bbox 1099 4208 1150 4266; x_wconf 80' lang='lat' dir='ltr'><strong>Ed.</strong></span> <span class='ocrx_word' id='word_1_136' title='bbox 1162 4208 1294 4264; x_wconf 66' lang='lat' dir='ltr'><strong>Plumae.</strong></span> 
     </span>
    </p>
   </div>
   <div class='ocr_carea' id='block_1_9' title="bbox 0 0 1498 5092">
    <p class='ocr_par' dir='ltr' id='par_1_9' title="bbox 0 0 1498 5092">
     <span class='ocr_line' id='line_1_23' title="bbox 0 0 1498 5092; baseline 0 0"><span class='ocrx_word' id='word_1_137' title='bbox 0 0 1498 5092; x_wconf 95' lang='lat' dir='ltr'><strong> </strong></span> 
     </span>
    </p>
   </div>
  </div>
 </body>
</html>
