2958 5096
550 469 553 485 ·
626 435 721 522 ,litt

190 667 285 760 hujus
311 669 431 754 monii,
451 671 515 762 ‚qst
530 669 771 750 destruuntur·
797 672 845 743 *lit
860 668 1100 752 -hraeostaiiei
1125 691 1173 744 ra·

190 764 314 871 pientia
334 778 379 856 ,in
410 777 561 866 mysteria,
577 837 581 854 ,
595 775 801 858 abscendita„
830 776 863 844 in
885 777 1056 874 exemplari
1069 799 1183 858 {meum

190 897 322 964 stratu
345 882 434 964 Idem
471 882 557 960 enim
596 880 755 972 exemplar
789 901 931 950 summae
951 881 1116 969 charitatis
1136 885 1183 986 in

191 1002 300 1060 moute
333 1000 563 1069 monstratum,
592 999 629 1056 et
658 987 843 1076 mysterium
875 1009 967 1068 tritta
999 975 1185 1081 sapientiae.

193 1094 445 1188 praedestinatae
467 1092 617 1172 fidelibus
642 1093 674 1160 in
695 1092 848 1183 gloriam,
868 1117 968 1185 quam
987 1079 1051 1172 iou
1073 1096 1184 1172 solum.

193 1199 248 1268 hic
278 1200 416 1268 muudus
434 1221 624 1290 cognescens
644 1221 707 1266 non
727 1211 831 1289 potest
842 1246 864 1280 „
882 1199 936 1290 sed
954 1221 1061 1292 nequa
1077 1199 1187 1291 ‚haine

194 1295 628 1396 mnndi'ffiprincipeuarn.
651 1325 839 1395 cognoscere
862 1327 926 1386 nan
950 1319 1088 1398 possunt.
1135 1307 1186 1382 Et,

195 1410 311 1501 prebat
343 1408 405 1476 hoc
437 1411 619 1502 Apostolus
648 1432 706 1500 per
737 1422 843 1490 ectum
876 1407 1185 1500 contrariarum&

196 1537 269 1582 eum
293 1514 346 1582 illa
370 1538 442 1582 rere
466 1515 600 1604 mystica
622 1515 775 1606 sapientia
795 1528 879 1582 stare
900 1538 962 1580 non
981 1529 1107 1608 potest,
1129 1516 1179 1582 in·
1234 1547 1239 1556 ·

73 1667 88 1682 „
196 1621 331 1712 quiens;
367 1624 402 1686 si
435 1625 663 1718 cognovissent
685 1624 791 1697 istam
810 1623 847 1689 s'n
866 1625 1025 1709 mysterio
1044 1623 1180 1687 abscon·

196 1727 303 1792 ditem
326 1715 551 1816 sapientioris,
575 1718 740 1815 numqaum
762 1724 939 1792 Dominum
958 1727 1180 1814 qlon'aecrar·
1238 1748 1242 1754 ·

196 1831 395 1920 oefloissent.
443 1830 525 1916 Quid
553 1827 614 1895 hoc
646 1829 758 1910 dictu,
788 1834 822 1895 si
846 1833 1096 1920 cognovissent,
1119 1829 1181 1894 nisi

197 1935 224 2000 si
255 1937 429 2002 Daemones
458 1934 543 2000 illam
576 1933 762 2024 sapientiam
782 1935 911 2025 pietatis
933 1933 1117 2002 didicissent
1140 1933 1180 2000 ah

199 2040 390 2131 exemplari,
421 2038 483 2106 hoc
507 2051 578 2122 est,
611 2063 628 2105 a
657 2037 784 2108 Christo
808 2039 841 2104 in
869 2063 992 2106 summo
1019 2039 1182 2106 charitatis
1234 2045 1242 2054 “

198 2145 336 2212 culmine
359 2169 448 2236 passo
470 2158 604 2211 mortem
628 2144 750 2238 crucis,
775 2157 807 2210 et
828 2144 862 2210 in
886 2143 937 2210 iila
961 2145 1104 2236 passione
1124 2143 1182 2210 dc·

200 2251 628 2341 centeneramsapientiam
654 2249 866 2317 nei....r”
913 2251 954 2317 Η.
978 2249 1000 2320 1.
1021 2249 1119 2340 igitur
1141 2251 1180 2318 G.
1285 2307 1293 2322 „

198 2356 326 2422 ridetur
349 2355 514 2439 indicare,
535 2353 667 2446 personia
685 2367 717 2421 et
737 2353 935 2446 apparitione
953 2353 1182 2442 JesuGhristi‚
1282 2343 1288 2357 ’

200 2458 371 2549 exemplari
404 2460 525 2550 quippe
556 2461 728 2551 sapientiae
760 2472 793 2526 et
813 2456 977 2528 charitatis
998 2459 1184 2552 proposito,

200 2564 395 2655 patefactum
417 2585 481 2629 esse
502 2566 701 2658 mysterium.
1196 2571 1197 2576 ’

245 2668 434 2750 Rationem,
471 2693 532 2760 qua
564 2671 604 2739 N.
635 2672 675 2739 ἲ.
706 2683 850 2737 stratores
879 2691 989 2736 rocem
1015 2679 1185 2759 μυστήριον

201 2772 437 2859 adhibuerunt,
460 2788 567 2841 secuta
587 2799 714 2865 quoque
735 2788 781 2841 est
801 2775 945 2864 Synodus
964 2775 1187 2856 Dordracena,

202 2877 243 2946 de
263 2878 427 2945 hominum
452 2902 525 2946 cum
549 2882 616 2946 Deo
639 2879 922 2964 reconciliatione,
948 2878 1025 2971 Cap.
1038 2881 1087 2948 111
1098 2881 1186 2948 ertv

204 2981 282 3052 Gan.
314 2991 356 3066 7,
392 2983 519 3052 dicens:
567 2985 668 3050 »Hoc
691 2984 860 3050 voluntatis
893 3007 967 3051 suae
1001 2969 1186 3072 mysterium

204 3089 288 3155 Deus
314 3090 347 3155 iu
371 3091 480 3158 Veteri
503 3090 702 3156 Testamenta
723 3089 928 3180 paucioribus
948 3089 1125 3179 patefecit3
1152 3089 1186 3154 in

204 3193 293 3260 Novo
314 3195 512 3262 Testamenta
536 3193 703 3284 pluribus.
718 3245 726 3263 .
739 3241 773 3264 ..
796 3194 1009 3260 manifestat.”

250 3299 395 3389 Denique
416 3323 480 3366 uon
500 3300 611 3366 efferre
635 3321 698 3364 non
718 3319 882 3389 possumus
902 3296 1029 3378 locum,
1054 3296 1127 3388 qui,
1151 3317 1188 3363 er

206 3416 311 3470 nostra
342 3405 520 3486 sententia,
564 3403 693 3495 exponit
725 3404 847 3468 ratione
878 3402 916 3466 ad
949 3403 1026 3468 Jesu
1057 3404 1190 3491 ejusque

152 3506 155 3514 ’
207 3508 431 3598 Apostolorum
466 3519 605 3574 mentem
640 3507 836 3576 exactissime
864 3505 1058 3594 composita,
1088 3506 1189 3571 adeo-

207 3637 271 3704 que
284 3662 294 3695 ,
327 3649 373 3662 --
397 3612 488 3680 venia
510 3615 550 3680 sit
575 3612 698 3694 rerba,
727 3650 770 3664 -
805 3609 1092 3696 Christianissima,
1124 3623 1189 3678 tam

206 3727 426 3809 argumentum
451 3740 547 3807 quam
569 3717 731 3784 notionem
756 3717 998 3804 mysteriorum:
1029 3739 1072 3785 sc.
1098 3725 1192 3790 cate·

207 3825 316 3890 oreste
337 3823 524 3905 Palatino,
545 3822 579 3886 in
595 3844 745 3911 responso
758 3822 796 3888 ad
810 3845 844 3911 q.
856 3825 895 3887 31
912 3819 1066 3902 affirmat,
1083 3818 1192 3887 Chris·

209 3939 278 3994 tum
310 3951 376 3994 esse
406 3949 503 4009 eum,
541 3926 626 3995 »die
650 3950 706 3995 ous
730 3927 792 3994 den
812 3929 1028 4017 verborgeuen
1052 3926 1126 3995 read
1150 3949 1191 3993 en

178 4071 180 4076 ,
208 4031 294 4098 wille
332 4031 441 4118 Gods,
483 4053 543 4100 ran
586 4053 663 4102 onae
702 4031 872 4123 reriossing
917 4029 1084 4100 rolkomen
1116 4055 1191 4122 geo-

210 4138 370 4228 penbaard
391 4135 514 4206 heeft.''
