2958 5096
784 499 856 574 mu
913 601 915 608 Ι

337 735 561 826 perimentium
575 744 609 816 ,’'
635 734 712 804 liaeo
732 736 772 802 de
796 737 951 804 sententia
972 760 1033 803 sua.
1048 739 1190 806 universa
1209 739 1317 812 addit:

339 840 452 927 »Quid
472 842 541 930 jam
566 843 688 930 quaeris
711 841 870 932 amplius?
917 843 1000 910 Eone
1017 843 1214 932 jam-rides,
1240 867 1320 934 quo-

336 945 429 1013 modo
464 945 658 1012 rationabilis
690 947 856 1014 necessitas
878 948 1040 1030 ostendat,
1071 971 1108 1014 ox
1135 946 1319 1016 hominibus

337 1050 561 1140 perficiendam
585 1073 650 1117 esse
674 1073 843 1141 supernam
872 1053 1054 1135 civitatem,
1076 1075 1135 1120 neo
1156 1051 1218 1120 hoo
1229 1076 1320 1146 posse

249 1225 252 1233 ,
336 1156 405 1222 lieri
438 1155 499 1222 nisi
523 1179 581 1246 per
606 1157 820 1222 remissionem
848 1169 1073 1248 peooato'rum,
1099 1181 1195 1246 quom
1219 1156 1315 1224 homo

337 1259 441 1326 nullus
471 1258 590 1326 habere
620 1272 723 1350 potest
753 1261 810 1326 nisi
842 1285 900 1352 per
929 1259 1113 1343 homiuem,
1145 1262 1202 1351 qui
1234 1263 1319 1328 idem

338 1369 403 1454 ipse
432 1365 472 1430 sit
503 1365 608 1444 Deus,
643 1377 739 1452 atque
769 1388 824 1430 sna
844 1379 947 1432 morte
966 1363 1318 1456 homiuespeooatores

340 1471 405 1536 lleo
430 1468 625 1536 reoorloiliet.
658 1470 778 1559 Aperte
798 1471 895 1560 igitur
917 1472 1114 1550 invenimus,
1139 1469 1318 1552 Christum,

335 1563 432 1666 quem
457 1575 560 1642 Deum
585 1587 617 1640 et
640 1571 800 1640 homiuem
827 1576 1034 1660 eonfitemur,
1065 1598 1131 1642 esse
1158 1588 1319 1642 mortuum

338 1695 470 1770 propter
501 1703 577 1760 nos;
611 1677 672 1744 hoo
703 1693 809 1746 autem
832 1680 950 1768 absque
974 1682 1059 1746 omni
1083 1679 1247 1747 dubietate
1267 1703 1319 1746 oo·

247 1827 250 1836 »
337 1785 445 1874 guito,
474 1797 609 1863 eunota,
636 1806 717 1872 quae
741 1785 806 1875 ipse
826 1784 928 1865 dicit,
953 1797 1039 1851 certa
1062 1809 1150 1866 esse,
1175 1786 1322 1874 quoniam

340 1891 422 1956 lleus
451 1889 581 1956 mentiri
610 1889 742 1977 nequit,
776 1903 808 1955 et
835 1893 994 1980 sapienter
1027 1913 1091 1956 esse
1116 1891 1221 1970 laeta,
1245 1913 1325 1981 quae

346 1994 442 2073 lecit,
465 1992 674 2059 dubitandum
699 2015 759 2058 nou
781 2008 847 2075 est,
870 1995 1011 2082 quamvis
1030 2017 1140 2060 eorum
1162 1995 1243 2060 ratio
1264 2017 1324 2060 non

344 2097 536 2187 intelligatur
564 2122 580 2164 a
606 2098 696 2164 nobis
709 2099 808 2188 '’(1).
857 2099 891 2166 Si
916 2098 1036 2189 singula
1058 2110 1259 2188 spectemus,
1290 2123 1324 2166 er

341 2206 438 2293 ipsius
466 2201 609 2268 doctrina
641 2201 735 2268 laoile
762 2203 923 2269 oriebatur
947 2225 975 2270 e.
999 2225 1031 2291 g.
1053 2203 1222 2290 quaestio,
1249 2225 1324 2294 quo·

343 2309 438 2374 modo
470 2309 554 2373 Deus
585 2330 741 2373 assumere
766 2320 870 2397 posset
892 2305 1053 2372 hominem
1077 2307 1143 2374 sine
1169 2319 1323 2397 peceato,

343 2426 452 2478 natum
479 2426 589 2476 tamen
621 2435 657 2477 er
677 2412 798 2502 virgine
820 2413 853 2476 in
875 2411 1099 2501 iniquitatibus
1120 2423 1325 2500 conceptaet

345 2538 417 2582 oum
449 2515 590 2605 originali
620 2505 752 2604 peooato
775 2529 867 2584 nata:
892 2515 931 2580 ud
957 2513 1040 2581 hane
1069 2515 1113 2581 ita
1135 2515 1324 2606 respondet:

346 2646 367 2686 r>
379 2622 445 2704 Qua
468 2643 542 2686 vero
564 2623 686 2685 ratione
699 2621 854 2710 sapientia
866 2620 926 2687 Dei
938 2617 999 2686 hoo
1010 2621 1108 2700 lecit,
1131 2622 1156 2686 si
1174 2644 1238 2687 non
1255 2643 1327 2710 pos·

347 2747 451 2790 sumus
485 2724 681 2813 intelligere,
717 2747 781 2790 non
814 2725 964 2791 debemus
996 2726 1130 2810 mirari,
1172 2725 1225 2791 sed
1256 2747 1328 2792 oum

347 2829 547 2895 veneratione
586 2828 720 2895 tolerare
757 2829 877 2918 aliquid
907 2851 973 2894 esse
1002 2830 1034 2894 in
1063 2832 1189 2895 seeretis
1223 2843 1328 2906 tantae

349 2935 416 3014 rei,
445 2935 529 3024 qu‘od
554 2935 770 3024 ignoremus.''
816 2936 857 3000 lit
885 2957 978 3004 mox:
1005 2935 1113 3019 »Quis
1136 2957 1211 3024 ergo
1227 2957 1327 3024 ¹prae·

346 3052 448 3105 sumat
476 3039 524 3105 rel
550 3041 709 3128 cogitare,
726 3039 825 3125 ‘quod
852 3036 1007 3105 humanus
1029 3037 1209 3105 intellectus
1227 3036 1330 3105 valeat

348 3158 533 3234 penetrare,
559 3167 653 3234 quarn
674 3143 856 3233 sapienter,
880 3151 975 3232 quain
990 3140 1181 3210 mirabiliter
1199 3155 1263 3208 tam
1277 3143 1328 3208 iu·

347 3248 517 3314 scrutabile
538 3271 615 3338 opus
637 3248 757 3314 factum
780 3249 846 3317 sit?
876 3250 996 3317 Boso.
1047 3248 1230 3329 Assentior,
1255 3247 1335 3338 quin

350 3353 453 3419 nullus
481 3350 577 3418 homo
599 3365 702 3442 potest
720 3355 752 3418 in
778 3351 839 3418 lrao
861 3355 924 3420 rita
947 3367 1071 3422 tautum
1092 3366 1247 3420 secretum
1269 3375 1337 3443 pe-

350 3462 431 3524 nitus
453 3459 595 3548 aperire,
617 3479 675 3523 neo
697 3469 788 3547 peto,
811 3469 845 3522 ut
866 3458 977 3540 iacias,
1005 3458 1089 3548 quod
1112 3456 1215 3522 nullus
1234 3455 1339 3522 homo

348 3564 451 3630 lacere
472 3577 593 3654 potest;
615 3562 669 3628 sed
691 3573 815 3628 tantum
827 3612 837 3643 ,
862 3576 1016 3652 quantum
1035 3565 1156 3653 potes''
1172 3564 1233 3651 (2).
1282 3565 1341 3630 Ita

349 3693 423 3736 vero
456 3668 654 3747 admonitus,
680 3666 818 3755 aliquam
843 3665 951 3733 saltem
979 3651 1220 3757 erplioaiionem
1243 3663 1341 3733 erhi-

351 3775 405 3840 bet
433 3793 605 3842 susuuuus.
653 3773 740 3838 Haeo
762 3777 918 3838 sententia
941 3795 1036 3862 porro
1063 3773 1094 3837 in
1119 3773 1218 3837 cauus
1243 3772 1341 3860 tuit,

270 3969 273 3974 y
354 3893 386 3944 ut
429 3898 567 3946 susurru
608 3877 753 3966 aequales
785 3879 817 3942 in
852 3877 1075 3945 diversissimas
1103 3899 1210 3944 rursus
1242 3878 1348 3946 abie-

390 4036 440 4114 (ιι
471 4046 500 4097 ιη
519 4045 570 4113 op.
590 4044 609 4098 ι.
629 4045 658 4096 ι.
678 4045 713 4098 ιι.
732 4044 759 4097 c.
781 4047 824 4100 rs.
844 4063 872 4113 p.
892 4042 953 4100 ιιι.

390 4141 433 4207 (2)
470 4142 500 4195 L.
525 4141 543 4193 l·
563 4140 592 4194 C.
612 4141 652 4192 16.
672 4157 699 4208 p·
719 4140 790 4206 125,
811 4141 871 4195 126.
900 4140 946 4194 Eut
961 4138 1099 4210 dialogus,
1118 4157 1199 4211 quern
1217 4139 1295 4194 inter
1320 4162 1354 4198 ιο

352 4223 451 4278 nabent
468 4241 521 4278 roro
539 4233 565 4277 et
585 4239 711 4276 sarsurus.
