2958 5096
793 427 863 502 mc

305 693 307 700 ,
337 664 371 730 in
396 685 521 734 curnem
546 677 578 732 et
600 666 880 754 sanguinantem
904 664 1023 736 Obristi
1042 678 1111 734 emt
1131 689 1204 748 ror,
1234 687 1314 757 quse

335 766 430 858 plano
451 781 578 859 coptum
600 783 760 859 superaret
780 769 977 854 humanum,
1002 793 1039 838 uc
1060 771 1188 838 demum
1207 771 1241 836 io
1265 772 1314 836 ri-

335 885 402 939 tem
434 874 498 940 rito
527 873 569 940 sit
591 874 768 944 revelando.
817 875 944 942 Addere
965 888 1069 942 tumeo
1089 875 1178 942 iubet
1197 887 1229 942 et
1255 875 1315 942 ulio

325 977 524 1068 (testimonio.
571 979 625 1047 Sic
652 1003 682 1049 r.
709 1003 738 1048 c.
770 999 899 1049 uncuus
928 1000 1086 1050 uuuurrs
1107 980 1205 1048 dicit:
1256 979 1314 1047 »0

333 1081 498 1148 invisibilis
532 1084 677 1151 consuo
710 1067 823 1152 mundi
856 1087 959 1169 neus,
997 1107 1093 1176 quam
1127 1083 1315 1150 mrraunoer

333 1186 398 1277 nqis
426 1187 638 1272 nobiseum,·.
746 1191 861 1281 quibus
893 1203 991 1258 temet
1021 1191 1125 1280 iprum
1149 1190 1182 1255 in
1206 1211 1316 1256 ruore-

331 1303 439 1357 mento
474 1292 659 1358 sumendum
693 1295 863 1385 proponis!
917 1295 987 1361 Hoc
1020 1315 1159 1383 nomque
1190 1315 1316 1359 omnem

332 1393 528 1463 intellectum
561 1411 688 1488 superat
708 1401 730 1432 ’⁹
751 1400 815 1487 (1).
873 1399 1038 1488 Ejusmodi
1069 1399 1138 1464 fere
1169 1411 1201 1464 et
1236 1417 1316 1465 uun·

332 1519 477 1569 unrocus
506 1502 546 1568 de
578 1525 614 1568 re
643 1503 791 1592 judicet:
838 1503 1035 1572 »Credimus
1065 1516 1208 1584 terrenos
1236 1503 1317 1568 sub·

332 1605 483 1686 stantius,
519 1628 600 1696 quoe
631 1606 662 1671 in
695 1630 800 1673 mensu
834 1609 1000 1675 Dominicu
1032 1629 1089 1696 per
1121 1604 1317 1672 sacerdotale

331 1709 543 1776 ministerium
564 1711 714 1778 divinitus
733 1711 968 1780 sanctificentur
980 1762 990 1793 ,
1013 1709 1236 1792 ineffabiliter,
1264 1709 1315 1776 in·

333 1813 683 1904 comprehensibiliter,
712 1816 902 1884 mirabiliter
922 1821 1075 1907 bperante
1098 1837 1233 1906 superno
1259 1839 1318 1906 po·

335 1918 435 1984 tentio
449 1969 471 1999 „
490 1919 631 1984 converti
657 1919 691 1984 in
715 1921 880 1987 essentium
900 1920 1061 1988 Dominiei
1082 1921 1247 2010 corporis,
1267 1942 1318 1986 re·

336 2023 464 2090 servatis
485 2023 623 2113 ipsarum
647 2045 753 2090 rerum
775 2025 964 2115 speciebus,
988 2037 1020 2092 et
1041 2023 1231 2114 quibusdum
1245 2023 1315 2091 aliis

335 2126 564 2220 qualitatibus,
587 2151 628 2194 ne
649 2129 860 2219 percipientes
881 2129 979 2196 crude
1000 2140 1032 2195 et
1054 2141 1183 2194 cruento
1206 2127 1324 2195 horre.

291 2287 296 2314 ,
336 2245 428 2302 rent:
449 2245 481 2300 et
500 2247 535 2300 ut
557 2232 719 2300 eredentes
739 2233 815 2301 fidei
834 2235 974 2325 proemio
995 2232 1149 2324 ampliore
1172 2233 1319 2322 percipe·

337 2351 408 2405 rent
421 2342 513 2422 ’‘(2).
560 2339 703 2427 Uterque
733 2361 808 2430 ergo
841 2337 895 2406 hic
926 2349 1041 2430 urget,
1077 2359 1143 2403 rem
1166 2359 1231 2402 non
1253 2361 1319 2404 esso

337 2441 597 2532 intelligendam,
630 2466 693 2534 quu
723 2444 813 2534 panis
846 2457 879 2510 et
911 2445 1018 2510 riuum
1056 2443 1115 2530 fiat
1144 2463 1260 2532 corpus
1286 2453 1318 2508 et

336 2547 460 2636 sanguis
486 2545 628 2626 Christi,
653 2547 795 2636 adeoque
816 2547 870 2614 hic
892 2571 909 2614 o
931 2546 1135 2614 credentibus
1156 2559 1319 2628 sumetur,

335 2651 394 2716 sub
417 2649 522 2740 specie
544 2651 633 2740 punis
656 2650 796 2732 etvini,
820 2673 901 2740 quoe
923 2662 1096 2721 remaneat.

379 2757 467 2822 Inter
490 2756 699 2822 Protestuntes
722 2775 899 2824 urrunnun
918 2768 950 2821 et
975 2773 1137 2822 cuurruurr
1150 2803 1160 2836 ,
1186 2775 1310 2820 eorum-

334 2883 398 2952 que
425 2858 573 2941 osseclos,
605 2857 837 2927 Eucharistiem
860 2858 978 2926 babere
1002 2859 1210 2947 mysterium,
1243 2858 1266 2925 i.
1289 2881 1317 2926 et

335 2987 402 3030 rem
440 2986 503 3029 non
534 2963 794 3054 intelligendum,
825 2963 1022 3031 notissimum
1044 2976 1102 3032 est.
1148 2961 1208 3030 llte
1232 2961 1320 3028 eninr

335 3067 436 3136 dicit:
492 3069 642 3135 »Durum
678 3068 720 3134 ist
746 3068 1002 3136 Sacramentum
1036 3067 1088 3134 eiu
1121 3065 1320 3134 Geheimniss

336 3171 402 3238 und
424 3172 596 3260 verborgen
615 3173 720 3263 hiup,
753 3173 807 3238 das
829 3195 912 3238 uuor
934 3173 993 3238 mit
1014 3171 1152 3238 Worten
1174 3171 1319 3262 ungenei·

335 3289 411 3367 get,
440 3276 516 3342 uber
545 3277 604 3342 mit
626 3277 698 3342 dem
721 3276 865 3344 Glouben
887 3277 942 3344 der
969 3277 1108 3343 flerueos
1132 3276 1318 3343 verstenden

337 3379 527 3468 wird’'(3).
573 3381 632 3450 Et:
682 3381 789 3448 »wir
814 3379 920 3446 holten
952 3378 1055 3465 euch,
1089 3381 1230 3458 dom...
1263 3379 1318 3446 der

335 3485 416 3552 Leib
438 3482 557 3551 Christi
576 3487 792 3578 gugenwiirtig
814 3487 859 3552 sei
879 3485 1032 3576 mitpiem
1046 3485 1131 3552 Brod
1143 3484 1207 3552 und
1221 3483 1318 3553 Wein

336 3591 380 3656 im
403 3589 698 3678 Socrement”(4).
1027 3575 1032 3588 ⁶

338 3759 451 3779 μ

394 3846 406 3898 l
455 3844 497 3898 Cf.
545 3848 589 3901 tu.

284 3965 286 3974 ¹
375 3848 419 4016 i²i
452 3943 490 3996 Do
515 3847 629 3998 herbum
656 3945 748 4012 hiber,
775 3946 818 3999 in:
840 3946 940 4017 ‘Muqno
964 3938 1121 4000 Bibliotheca
1137 3945 1261 4013 Parum,
1288 3963 1321 3998 ss
1350 3967 1353 3980 ·

336 4033 418 4083 eut-1.
437 4043 466 4081 nr
483 4045 514 4080 uu
530 4045 609 4082 urunt.
626 4029 683 4082 Pur.
704 4029 781 4084 1644.
798 4030 844 4084 Vh·
862 4049 892 4102 p.
910 4031 972 4086 205.
989 4030 1024 4085 Ι).

376 4122 419 4192 (8)
461 4123 528 4194 Opp.
547 4123 605 4176 xlx
637 4123 702 4192 11⁶,
720 4141 745 4182 o.
765 4125 784 4178 l·
912 4121 974 4192 ib)
1013 4127 1042 4183 h·
1061 4125 1079 4180 Ι.
1098 4123 1181 4178 XVII·
1199 4123 1280 4178 tuto.
