2958 5096
612 513 682 588 115

154 751 288 837 oujusvis
326 748 436 818 aetatis
466 748 621 838 propria,
661 771 723 838 qua
760 747 910 816 sortioms
942 771 1007 814 essa
1037 726 1138 816 ¹solist

155 853 245 922 sortia
266 852 412 932 futuras,
442 852 548 922 madia
570 853 707 942 cujusvis
730 851 855 944 generis
877 849 1067 938 adhibeant,
1102 862 1138 916 ut

156 961 249 1024 finem
261 1009 270 1040 ,
301 979 396 1048 quom
416 957 476 1022 sibi
499 970 705 1048 proponunt,
739 957 917 1048 attingant,
943 979 979 1023 aa
1000 956 1117 1024 limitas
1129 1003 1139 1036 ,

30 1119 32 1136 .
155 1085 234 1152 quos
253 1063 320 1152 ipso
341 1061 447 1152 posuit
469 1063 575 1142 Deua,
596 1061 758 1128 assedam.

199 1167 283 1237 Huic
308 1167 403 1257 igitur
420 1167 581 1232 communi
601 1165 767 1233 hominum
787 1167 893 1232 studio
914 1165 1138 1232 accommoda-

156 1273 231 1340 bont
249 1269 434 1362 religionem
457 1269 666 1338 Christianam
688 1271 786 1361 ipsius
808 1271 904 1350 sosii,
929 1269 991 1336 hoo
1010 1270 1140 1360 quidam

156 1377 234 1459 flue,
270 1389 305 1442 ut
335 1375 457 1442 avidius
487 1399 557 1457 oam
589 1387 735 1466 poteraut
763 1353 926 1454 eatrauaif
953 1389 986 1441 et
1021 1376 1140 1463 majora

156 1481 260 1549 studio
290 1494 558 1570 prosequerentur
583 1480 643 1570 ipsi
669 1478 917 1558 Datoohumaui,
951 1503 1006 1569 spo
1029 1478 1140 1558 ducti,

156 1611 187 1654 so
210 1587 306 1653 etism
331 1587 457 1652 taudem
482 1607 596 1676 guaros
621 1585 690 1652 fore
712 1586 759 1652 rai
787 1585 887 1675 ipsius
912 1599 976 1650 tam
1001 1581 1144 1649 celebra·

158 1703 206 1758 tao
226 1713 264 1756 ao
287 1689 441 1758 laudatae.

201 1795 269 1863 Hso
291 1793 401 1860 saltam
422 1793 646 1862 ratiouoaida
660 1817 695 1860 ra
709 1793 764 1885 qui
777 1793 972 1882 cogitarem,
995 1792 1137 1881 antiquo·
1219 1823 1224 1828 =
1329 1827 1331 1832 .

158 1922 227 1982 aum
252 1899 386 1990 allegare
410 1921 573 1989 possumus
591 1899 782 1968 testimonia.
809 1890 982 1964 Audiamus
997 1921 1026 1964 v.
1040 1917 1144 1964 osu-

157 2023 339 2088 oustlttutt,
366 2005 548 2074 dicentem:
593 2005 685 2088 »Qui
712 2017 819 2073 autam
843 2004 983 2070 noudum
1003 2002 1142 2072 mando.-

158 2123 249 2192 oant,
274 2123 306 2176 ot
326 2109 466 2176 noudum
487 2109 625 2189 bibunt,
646 2109 685 2176 ad
706 2108 781 2176 talos
794 2107 902 2198 opulas
915 2107 1039 2177 imitati
1053 2108 1146 2176 iasti-

160 2229 235 2283 uaot
249 2261 351 2284 .....
409 2213 573 2299 Quomodo
602 2213 811 2280 manducatur
842 2235 918 2278 asro
950 2213 1079 2280 Domini
1114 2223 1146 2277 at

160 2320 284 2386 bibitur
313 2318 437 2410 sanguis
467 2317 622 2388 Domini?
668 2319 818 2384 Putamus
839 2317 917 2405 quid
937 2317 1042 2383 dioit?
1070 2315 1147 2401 Quis

160 2437 271 2492 oootru
291 2429 323 2490 te
345 2423 480 2504 oisuait,
501 2437 537 2489 ut
556 2422 618 2490 hoo
637 2422 782 2488 nescias?
829 2419 975 2488 Valatum
1000 2433 1066 2490 ost:
1093 2419 1147 2489 sod

161 2529 185 2596 ai
206 2527 364 2607 volueris,
387 2527 448 2594 erit
475 2526 660 2596 revalatum.
710 2525 836 2594 aceede
860 2522 897 2590 ad
921 2525 1148 2616 professionem

162 2646 193 2702 ot
221 2632 341 2700 solvisti
372 2633 601 2722 quaestionem.
650 2631 740 2717 Quod
772 2631 857 2699 euim
893 2629 972 2700 dixit
993 2630 1147 2702 Dominus

160 2738 271 2819 Jeaua,
291 2739 358 2826 jam
378 2737 487 2805 fidelos
514 2750 684 2806 uovorum.
733 2737 782 2804 Tu
809 2748 916 2804 autam
940 2733 1147 2802 Gateohuma·

163 2865 220 2912 uus
255 2843 391 2923 diaetis,
423 2841 541 2908 diceris
571 2841 735 2920 Audiens,
770 2853 803 2908 at
834 2839 946 2908 surdus
976 2861 1017 2906 aa.
1049 2841 1149 2908 Aures

161 2951 247 3016 assim
272 2948 416 3038 corporis
436 2959 579 3038 patentes
601 2944 725 3027 habes,
750 2945 825 3036 quia
852 2945 947 3018 verba
970 2945 1149 3034 quaediota
1248 2981 1251 2990 ,

164 3068 255 3136 suut,
288 3053 395 3123 audis:
428 3053 482 3120 sod
516 3074 607 3119 ausos
633 3051 739 3120 cordis
766 3047 872 3116 adhuc
893 3048 1012 3117 alausas
1032 3045 1175 3132 habes,-

161 3160 239 3248 quis
269 3158 353 3248 quod
383 3157 505 3226 dictum
531 3169 579 3226 est
601 3177 663 3222 ooo
690 3153 850 3245 intelligia.
898 3154 1052 3244 Dimum,
1087 3175 1151 3224 nou

60 3291 61 3296 ¹
165 3265 295 3330 dissero.
340 3263 423 3328 Eoos
444 3258 561 3360 Pascha
587 3274 656 3342 aaa,
681 3260 721 3328 da
742 3281 855 3326 nomon
878 3259 918 3325 od
942 3259 1150 3350 Baptismum.

164 3367 198 3438 si
223 3391 286 3436 uou
313 3380 345 3434 te
367 3367 483 3434 amitat
505 3366 678 3447 festivitas,
701 3365 797 3432 ducat
819 3365 886 3454 ipsa
908 3363 1090 3433 curiositas:
1117 3375 1153 3428 ut

164 3475 243 3542 soins
265 3472 341 3562 quid
363 3471 486 3572 dietum
497 3484 564 3552 ast,
589 3471 659 3563 Qui
681 3471 1006 3538 mandssoatcarnem
1024 3491 1149 3546 meam,

166 3589 197 3645 ot
216 3580 297 3644 bibit
321 3580 518 3667 sanguinem
543 3598 669 3655 meum,
694 3579 731 3641 εἴη
754 3598 803 3640 ma
822 3583 954 3653 manet,
983 3583 1015 3640 ot
1038 3597 1099 3664 ogo
1115 3577 1152 3638 a'n

167 3685 258 3748 ilio”
278 3682 341 3772 (1).
393 3681 480 3748 alibi
512 3679 592 3747 dicit
630 3679 735 3749 idem:
786 3676 898 3745 »Cum
931 3679 1036 3747 omnia
1067 3697 1153 3748 nuno

166 3787 275 3858 Draus
299 3784 554 3864 catechumeni,
576 3783 717 3854 noudum
729 3783 999 3873 aooaptoSpiritu
1009 3783 1152 3852 Sancto?
1189 3771 1192 3778 ’

169 3895 249 3979 Quia
278 3905 310 3958 at
339 3891 364 3956 si
398 3912 462 3954 uon
493 3890 538 3955 eis
567 3888 707 3956 fidelium
734 3901 928 3954 sacramenta
954 3888 1153 3978 produntur,

169 4063 281 4080 m

204 4147 244 4280 (ἑ)
282 4146 317 4200 os
334 4151 417 4216 aoso
436 4109 541 4202 omaso
562 4147 660 4210 ama,
680 4146 708 4198 c.
727 4143 829 4196 xxxu.
850 4146 874 4196 1.
895 4143 964 4212 opp.
982 4143 1014 4197 s.
1032 4144 1063 4196 v.
1083 4143 1110 4196 a.
1130 4144 1152 4194 1.

169 4251 196 4300 p.
233 4231 276 4286 ⁵0.
295 4233 326 4287 Α.
344 4249 369 4286 o.
390 4233 408 4286 Ι.

818 4282 928 4378 ‚w
