2958 5096
822 495 893 570 1³2

366 753 502 824 quornm
531 733 669 800 omnium
698 732 819 800 illustre
844 732 977 824 praebet
995 732 1174 824 exemplam
1199 731 1340 822 Symbo-

365 835 430 902 lum
454 835 588 904 Goncilii
614 835 893 906 Chalcedonensis!
939 838 997 904 llis
1016 850 1123 904 tamen
1143 839 1340 906 omnibusne

362 939 526 1008 minimam
561 942 689 1032 quidem
722 956 846 1034 partem
868 963 998 1032 scopum
1019 941 1214 1032 attigerunt;
1249 965 1341 1028 nam,

363 1047 411 1112 uti
448 1045 637 1138 plerumque
668 1049 727 1129 fit,
757 1046 835 1116 baec
865 1046 1018 1114 vocabula
1047 1047 1228 1137 saepissime
1247 1047 1342 1114 etism

363 1151 595 1240 usurpabantur
625 1153 666 1220 ab
696 1153 755 1234 iis,
789 1152 845 1242 qui
880 1159 957 1222 θεὸν
992 1149 1075 1222 εἶναι
1108 1158 1164 1222 τὸν
1187 1153 1285 1236 λόγον
1308 1165 1340 1220 et

361 1258 439 1324 Jesu
460 1256 732 1346 praeexistentiam
755 1270 906 1347 negarent
919 1257 982 1345 (1).

363 1403 371 1410 -
406 1361 481 1427 Jam
511 1383 586 1427 rero
612 1359 706 1450 hujus
726 1363 773 1428 rei
798 1364 985 1454 originem,
1017 1370 1187 1448 μυςήριον,
1222 1359 1263 1426 de
1284 1360 1339 1428 lu-

362 1465 544 1531 carnatione
573 1465 720 1548 dictum,
756 1467 847 1532 innui
880 1489 948 1532 rem
979 1488 1042 1531 non
1075 1463 1338 1555 intelligendam,

359 1573 563 1655 invenimus,
591 1571 759 1638 maximam
782 1583 927 1664 partem,
959 1575 996 1636 in
1016 1571 1173 1638 doctrinm⁴
1191 1571 1342 1636 Ecclesi-

360 1677 490 1754 astz'ed,
527 1674 686 1742 subtiliter
723 1675 777 1742 itta
803 1676 994 1756 constitutit,
1026 1674 1183 1742 molestias
1204 1687 1238 1740 et
1260 1673 1342 1742 diffi-

361 1779 493 1846 cultates
513 1781 619 1870 potius
641 1781 816 1863 afferente,
843 1804 938 1871 quam
964 1781 1147 1865 auferente,
1168 1778 1340 1870 quodsatis

361 1884 476 1973 probat
494 1883 653 1950 Ecclesiae
678 1883 820 1955 historia.

801 2068 819 2151 s
844 2071 895 2132 42.

404 2195 517 2287 Operis
550 2198 629 2265 ordo
660 2197 820 2289 postulat,
856 2211 892 2264 nt
915 2221 1042 2290 agamus
1064 2196 1105 2263 de
1127 2192 1339 2266 Eucharistia.

360 2302 463 2386 Quum
487 2302 611 2369 saeculo
639 2304 683 2372 vl
715 2304 783 2370 fere
812 2315 883 2392 post
913 2301 949 2370 G.
972 2304 1012 2372 N.
1042 2313 1127 2368 totus
1147 2313 1224 2366 tunc
1245 2301 1369 2366 notus‘

359 2405 444 2471 orbis
464 2419 644 2488 terrarum,
665 2409 764 2498 magis
785 2407 948 2488 minusve,
973 2407 1141 2497 recepisset
1153 2405 1340 2496 religionem

358 2508 593 2594 Christianam,
618 2512 668 2578 vir
690 2517 882 2601 mysterium
903 2511 967 2578 dici
987 2512 1094 2602 potuit
1118 2507 1342 2591 Eucharistia,

359 2616 433 2705 quia
466 2614 638 2682 Christiani
669 2641 687 2683 e
718 2617 879 2683 communi
901 2617 1053 2708 adspectu
1074 2617 1172 2681 ritum
1196 2617 1264 2704 ejus
1292 2637 1340 2681 sa·

357 2741 447 2786 crum
482 2735 685 2803 amoverent,
715 2734 769 2787 aut
801 2721 978 2788 doctrinam
1009 2721 1049 2787 de
1088 2743 1124 2786 ea
1155 2720 1341 2786 reticerent.

356 2825 401 2892 lt
422 2847 518 2906 reso,
541 2827 684 2917 quamvis
704 2827 824 2918 periret
845 2826 1066 2919 appellationis
1090 2847 1203 2909 eausa,
1227 2823 1342 2916 appel·
1442 2873 1443 2882 t

242 2979 243 2988 1
355 2927 432 2995 latio
457 2929 523 3020 ipsa
549 2931 709 3000 remansit.

398 3035 607 3124 Temporibus
627 3050 753 3117 autem,
779 3037 894 3126 quibus
914 3049 984 3104 erat
1006 3032 1248 3110 abscondenda,
1274 3055 1343 3100 ma·
1441 3087 1442 3150 ,

355 3138 525 3230 rimopere¹
538 3139 683 3208 doctrina
709 3141 750 3208 de
771 3141 971 3210 Eucharistia
991 3140 1172 3219 vacillarit,
1197 3159 1258 3206 uec
1279 3137 1341 3204 fuit

353 3239 418 3306 ulla
449 3243 593 3309 universe
613 3252 763 3336 recepta3
798 3269 895 3336 quare
916 3268 981 3312 non
1004 3245 1109 3335 potuit
1130 3243 1223 3322 lieri,
1259 3242 1340 3333 quin

342 3345 514 3435 ,exsisteret
542 3349 672 3414 Petrum
695 3349 736 3416 ds
756 3373 793 3416 es
816 3349 967 3440 loquendi
990 3371 1063 3416 usus
1086 3349 1131 3416 ita
1154 3368 1250 3438 vagus
1262 3349 1340 3435 (2),

354 3463 390 3517 nt
411 3469 605 3520 srrrrtsnns
627 3475 689 3519 non
714 3453 876 3521 dubitaret
899 3456 1074 3524 affirmare:
1123 3452 1244 3518 »Weil
1265 3474 1342 3520 man

353 3578 408 3622 aus
444 3558 501 3624 der
529 3557 701 3648 Handlung
721 3557 775 3626 des
798 3557 938 3651 heiligen
959 3556 1174 3627 Abendmnhls
1194 3579 1250 3625 ror
1277 3557 1339 3624 den

287 3827 296 3846 '¹
387 3842 431 3913 (l)
468 3844 508 3898 Gi.
527 3861 557 3926 aa
575 3863 661 3914 aaoor,
683 3849 819 3903 Waarbss'd
833 3851 863 3902 s'sr
880 3849 987 3920 Lissos,
1006 3801 1064 3903 l.¹l.
1085 3866 1114 3917 p.
1132 3848 1178 3902 68.

385 3947 428 4019 (2)
467 3945 546 4017 Quod
562 3950 681 4020 exemplo
697 3967 804 4016 roraru,
822 3969 928 4020 rutum,
945 3967 1063 4018 mutar,
1079 3967 1202 4017 oarermr,
1226 3967 1341 4005 mama-

347 4049 429 4100 marr,
454 4049 546 4086 ormam
572 4051 782 4088 surosotrmrarr
804 4038 970 4110 aliorumque
985 4037 1083 4106 probat
1099 4052 1218 4103 semor,
1250 4033 1339 4106 l(ed.

347 4117 434 4188 Mae).
454 4119 608 4184 ate-eta,
626 4119 665 4171 lll
682 4118 738 4186 (ed.
759 4122 853 4195 lmus),
870 4121 938 4193 bib,
957 4129 985 4176 et
1002 4137 1211 4191 murmuramus,
1229 4121 1337 4174 Bardo.

348 4201 615 4270 11.689,ammn,
634 4203 655 4256 l.
676 4204 746 4272 ⁵81,
765 4205 826 4261 ⁵82.
