2958 5096
620 491 690 564 1⁴1

158 729 221 794 oiei
247 726 450 819 relinquere,
483 741 594 796 eontra
621 727 749 797 Godiois
777 727 868 797 Sacri
892 726 1006 796 effata:
1038 727 1143 796 lieurn

157 856 217 924 per
239 832 401 902 Christum
422 826 530 900 omne's
550 856 674 902 terram
695 831 956 913 redehominer,
979 855 1056 914 eos,
1083 831 1143 922 qui

158 939 191 1004 in
211 937 374 1006 tusorum
395 941 549 1020 erodant,
570 941 669 1006 ritant
692 937 811 1006 habere
832 951 1015 1020 aeternam,
1033 935 1143 1005 (iluis-

156 1056 226 1138 tum
256 1045 516 1134 propitiationem
538 1068 605 1112 esse
626 1068 686 1136 pro
708 1044 825 1110 nostris
844 1045 1005 1134 petentis,
1037 1062 1145 1132 neque

157 1147 260 1214 solum
290 1171 352 1239 pro
385 1151 518 1230 nostris,
557 1150 612 1218 sed
643 1172 703 1240 pro
724 1149 823 1216 totius
843 1147 956 1214 mundi
978 1148 1143 1238 pematia,

156 1253 261 1320 Deum
283 1255 423 1344 primum
445 1254 590 1322 homines
609 1240 774 1337 dilexisse,
793 1276 911 1342 eosque
928 1251 969 1318 ad
991 1253 1058 1318 reri
1069 1275 1144 1341 oop-

155 1358 313 1424 nitionem
332 1361 499 1450 pervenire
522 1385 560 1427 ao
580 1362 689 1428 beatos
713 1361 783 1426 fieri
805 1358 906 1438 velle,
929 1359 1033 1424 neum
1056 1357 1144 1426 nolle

154 1476 293 1530 mortem
311 1465 513 1554 peecatoris,
535 1467 600 1531 imo
620 1463 707 1532 huno
729 1466 765 1530 in
786 1465 884 1532 finem
902 1465 1015 1532 Jesum
1033 1461 1143 1530 (ibrio-

154 1578 225 1633 tum
252 1567 287 1632 in
306 1569 461 1636 muudum
484 1570 627 1650 misisse,
658 1583 694 1638 ut
719 1568 805 1634 huno
827 1569 867 1634 ad
892 1568 1143 1659 reeipisoeutiam

153 1686 302 1754 voearet,
325 1698 364 1742 ae
383 1675 425 1742 de
447 1676 541 1772 unius
559 1675 737 1766 poetaturis
755 1673 974 1767 resipisoentia
992 1673 1143 1762 sibigen-

153 1777 232 1844 dere
267 1778 404 1868 Angelos
430 1783 465 1846 in
490 1780 603 1861 coelo,
635 1779 884 1871 praedicandum
914 1777 1053 1868 denique
1075 1799 1142 1846 esse

154 1883 365 1974 Euangelium
391 1886 538 1952 omnibus
560 1889 725 1955 creaturis.

199 1988 320 2058 stultae
349 2003 384 2056 et
412 1990 488 2058 iude
514 1991 594 2057 aliae
631 1990 856 2071 difficultates,
887 1987 1054 2076 multaque
1075 1987 1139 2052 ob·

153 2115 248 2160 seura
270 2095 482 2160 nascebantur
494 2144 505 2175 ,
528 2095 676 2186 inprimis
699 2096 725 2160 si
749 2095 861 2185 dogm
874 2093 937 2160 hou
950 2092 1140 2160 simuletu-

152 2197 348 2264 sideraretur
378 2221 451 2264 oum
475 2199 623 2290 dogmate
648 2213 735 2266 arete
758 2201 789 2278 ei
812 2222 977 2279 connexo,
1010 2199 1050 2264 de
1075 2196 1139 2262 ho-

150 2302 248 2366 minis
280 2303 467 2393 impotentii
498 2305 538 2370 ad
571 2303 672 2370 ullum
704 2304 860 2394 agendum
895 2305 1014 2368 bouum
1037 2325 1075 2368 ao
1097 2301 1138 2368 de

150 2409 385 2496 perseverantii
408 2408 620 2489 Sanctorum,
644 2410 731 2499 quod
755 2407 920 2474 ostendere
941 2420 1046 2497 potest
1068 2405 1140 2472 his-

150 2511 235 2579 toria
277 2511 385 2579 litium
429 2512 653 2594 Lutherauos,
698 2515 954 2582 demonstrantes
988 2513 1072 2579 inter
1105 2525 1139 2580 et

151 2613 515 2685 Contraremonstrantes
537 2632 694 2688 astarum.

197 2719 288 2786 Tales
315 2744 388 2788 vero
420 2723 624 2790 difficultates
647 2727 743 2792 etiam
766 2723 941 2790 sententiae
964 2718 1138 2812 oorpphaei

148 2825 214 2915 ipsi
245 2827 447 2895 sentiebant:
481 2851 577 2918 quam
602 2829 643 2894 ob
666 2851 792 2894 oausam
816 2847 1013 2896 nueusnuus
1036 2849 1137 2915 aeque

148 2953 191 2996 ao
223 2949 376 2999 cruuntus
410 2932 623 3000 defendebant
656 2955 725 3000 rem
756 2933 914 3024 imprimis
945 2930 1137 3022 appellando

150 3035 194 3101 ad
235 3037 295 3102 Dei
327 3036 518 3104 voluntatem
555 3039 830 3130 omnipotentem,
872 3059 997 3104 oausam
1028 3058 1136 3102 rerum

147 3140 293 3208 omnium
334 3141 491 3213 ultimam.
550 3145 593 3212 At
633 3144 798 3211 audiamus
829 3141 887 3209 hos
920 3141 1060 3231 aliosque
1095 3141 1136 3208 de

144 3243 295 3334 siugulis!
352 3248 488 3328 »Hie,”
531 3250 638 3340 inquit
674 3269 897 3334 nueusrmus,
938 3252 995 3314 »si
1028 3271 1047 3312 a
1082 3267 1135 3314 me
1157 3327 1177 3340 ..

145 3364 323 3439 quaeratur
335 3401 345 3432 ,
369 3353 493 3419 eureis
516 3354 600 3420 Deus
622 3354 888 3446 perseverantiam
906 3375 971 3421 nou
988 3351 1133 3432 dederit,
1158 3345 1182 3370 “

146 3477 168 3520 a
191 3455 307 3544 quibus
330 3479 423 3538 eam,
448 3481 511 3548 qua
536 3457 717 3526 Christiane
740 3460 903 3539 virerent,
928 3457 1132 3522 dilectionem

144 3558 261 3641 dedit,
283 3583 335 3627 me
357 3561 503 3652 ignorare
526 3565 701 3654 respondeo
717 3615 726 3634 .
741 3613 750 3632 .
764 3579 798 3632 2.
845 3563 1004 3648 Quantum
1024 3561 1134 3650 itaque

144 3663 240 3730 nobis
263 3666 387 3754 judioin
413 3690 468 3734 sua
490 3669 693 3736 manifestare
714 3669 888 3760 dignatur,
920 3666 1036 3757 gratias
1060 3689 1133 3757 apa-

145 3789 237 3836 mur:
276 3785 429 3860 quantum
462 3797 537 3840 rere
560 3773 775 3854 obseoudere,
810 3795 873 3838 nou
897 3771 1043 3838 adversus
1065 3773 1132 3861 ejus

145 3872 312 3940 consilium
337 3898 589 3962 murmuremus,
614 3877 667 3944 sed
690 3877 753 3944 hoo
776 3899 903 3967 quoque
927 3875 1018 3941 nobis
1043 3876 1157 3942 salu-y

144 3977 322 4044 berrimum
355 4003 420 4046 esse
454 3982 629 4052 credamus.
677 3981 858 4050 Mirandum
891 3993 937 4046 est
973 3980 1130 4069 quidem,

145 4081 349 4172 multumque
379 4086 579 4170 mirandum,
614 4087 699 4178 quod
733 4086 806 4152 filiis
841 4085 903 4152 suis
939 4085 1130 4176 quibusdam

146 4185 232 4252 Deus
263 4209 342 4278 quos
375 4192 571 4281 regeneravit
598 4193 630 4258 iu
667 4190 794 4259 Christo
806 4239 817 4275 ,
858 4191 976 4279 quibus
1010 4189 1127 4272 iidem,
