2950 5104
775 483 823 557 88

311 741 372 810 qna
405 721 495 810 panis
528 734 560 788 ct
594 721 701 788 riuum
740 720 958 790 Eucharistiae
983 721 1163 790 habebatur
1188 726 1221 790 in
1241 748 1296 791 re·

307 847 376 890 rem
407 838 535 892 caruem
565 839 598 892 et
625 827 808 917 sanguinem
837 829 915 896 Jesu
950 826 1069 894 Christi
1099 852 1165 896 esse
1193 843 1296 895 mute·

278 1167 283 1183 s
341 1139 440 1191 Tronis
458 1155 474 1190 s
491 1156 576 1192 suess
593 1141 776 1196 delmitcticrss
790 1105 904 1208 virleu,
924 1143 968 1196 ll'.
987 1161 1012 1199 c.
1022 1142 1054 1198 Χ.
1067 1147 1098 1197 es
1118 1145 1206 1196 silam
1220 1143 1298 1196 toties

306 1225 415 1295 mystice
444 1209 623 1278 communidat
651 1235 679 1279 et
703 1226 868 1280 invisibiliter
894 1226 1032 1294 relicitur,
1052 1230 1157 1299 quoties
1176 1230 1299 1281 incsrns·

307 1309 386 1361 tionis
403 1309 499 1361 Christi
518 1311 671 1380 mysterium
689 1311 886 1382 passionemque
904 1309 998 1364 devote
1016 1313 1109 1364 recolit
1126 1321 1155 1364 et
1168 1313 1195 1365 in
1207 1328 1298 1366 amore

305 1394 365 1462 ojus
380 1391 567 1447 accenditur.'’

341 1479 478 1530 »Domine
496 1479 566 1530 Deus
585 1465 717 1542 meus‚.i
733 1511 783 1532 .·.
802 1496 865 1532 cuns
883 1480 929 1532 tali
947 1477 1016 1552 lide,
1034 1497 1080 1552 sps
1096 1488 1125 1533 et
1142 1480 1299 1552 puritatets

305 1561 406 1616 allecto
426 1561 504 1614 hodia
521 1565 677 1634 suscipere,
705 1563 774 1616 sicut
793 1571 819 1615 te
835 1566 951 1636 suscepit
966 1573 995 1618 ct
1010 1563 1168 1620 desiderarit
1186 1565 1299 1618 sanctis-
1361 1607 1365 1614 .

307 1648 371 1700 sima
391 1656 475 1700 meter
492 1656 554 1712 tue,
573 1649 686 1718 gloriosa
712 1649 785 1718 sirpo
804 1649 904 1714 illaria,
932 1635 1045 1722 ¹quando
1063 1652 1168 1721 elapsio
1184 1668 1298 1719 erenge-

308 1733 399 1785 lizanti
416 1731 467 1784 sihi
485 1733 674 1786 iucarnationis
695 1733 848 1801 mysterium
868 1733 1005 1787 humiliter
1022 1752 1055 1786 ac
1072 1732 1167 1788 devote
1185 1751 1299 1803 respon·

309 1813 368 1868 dil:
407 1815 502 1868 Ecce''
517 1835 577 1888 sqq.
613 1819 643 1869 L.
661 1817 680 1869 Ι.
700 1835 725 1868 e.
742 1816 825 1868 xvtt.
843 1818 870 1870 2.

348 1899 481 1953 Casurus:
519 1901 623 1952 sl’orro
640 1898 714 1971 quod
731 1897 832 1952 dicitnr
849 1899 965 1954 Verbum
983 1918 1090 1954 carnem
1107 1919 1167 1972 esse·
1179 1901 1299 1968 sactum,

315 1993 368 2036 ntsn
395 1986 433 2036 sic
461 1983 666 2054 intelligendum
693 1995 751 2048 est,
781 1986 855 2056 qussi
874 1987 913 2038 rel
931 1987 958 2038 iu
978 2003 1086 2038 curnem
1105 2003 1231 2051 versum,
1259 1987 1300 2039 rol

312 2071 386 2122 cerni
404 2070 515 2122 confuse
533 2070 692 2137 permixtum
708 2069 805 2122 suerit:
824 2067 870 2122 sed
888 2071 950 2141 quia
968 2089 983 2122 e
1002 2071 1115 2139 Virginis
1134 2079 1210 2122 utero
1229 2080 1300 2123 tem·

312 2156 387 2224 plum
405 2153 455 2207 sihi
472 2151 571 2222 delegit
589 2155 616 2205 in
633 2171 688 2224 quo
708 2152 859 2220 habitaret,
887 2155 979 2226 etqui
999 2157 1080 2208 Filius
1097 2164 1153 2208 erat
1171 2156 1240 2220 Dei,
1266 2154 1301 2206 ii-

312 2241 362 2293 lius
381 2239 495 2312 hominis
511 2239 597 2290 lactus
615 2252 673 2290 est:
693 2255 747 2290 sson
765 2239 920 2292 confusione
938 2239 1122 2303 substantiae,
1140 2238 1186 2292 sed
1198 2241 1301 2292 unitate

305 2343 446 2408 personae.
482 2322 618 2394 Siquidem
648 2323 686 2374 its
713 2326 886 2394 conjunctam
907 2325 1060 2396 uultumque
1079 2325 1238 2376 humanitati
1254 2323 1301 2376 di·

308 2409 633 2472 trinitatemasserimus,
659 2413 690 2458 ut
716 2426 763 2460 sna
790 2411 896 2479 utrique
922 2419 1031 2460 naturas
1050 2408 1133 2462 solide
1151 2411 1300 2477 proprietas

309 2493 434 2558 maneat,
459 2502 487 2546 et
515 2503 602 2546 tamen
626 2511 658 2545 ss
684 2491 788 2544 duabus
816 2494 865 2545 illie
886 2511 955 2545 uuus
975 2493 1091 2546 Christus
1111 2495 1299 2546 constituatur.

306 2577 401 2648 Siquid
427 2580 455 2630 in
486 2577 564 2629 rebus
582 2577 704 2630 humanis
724 2573 798 2628 tanto
816 2578 943 2644 mysterio
958 2578 1043 2630 simile
1062 2586 1149 2645 potest
1169 2577 1300 2645 reperiri,

309 2662 424 2714 hominis
448 2659 594 2716 similitudo
610 2662 804 2730 appositissima
824 2658 945 2725 ridetur,
964 2679 1045 2731 quem
1063 2679 1095 2712 cx
1112 2659 1216 2714 duabus
1233 2659 1300 2714 suh·

308 2747 413 2799 stantiis
431 2745 609 2814 conspicimus
626 2747 777 2798 constare.’'
813 2745 906 2798 Iussit.
926 2747 953 2798 h.
972 2746 1007 2799 ll.
1027 2745 1144 2798 CXIV.
1166 2747 1191 2796 l.

249 2846 255 2854 ·
346 2831 524 2883 Donssssrrrus
556 2835 570 2898 §
597 2831 650 2882 2⁵5
681 2827 803 2882 inscribit
843 2828 982 2884 Necessitas
1007 2834 1067 2900 fides·
1093 2836 1299 2894 iucarnationis,

309 2923 337 2968 et
356 2916 383 2966 in
402 2933 433 2967 ea
449 2915 574 2986 exponit:
611 2915 661 2968 »Si
679 2916 737 2986 quis
757 2913 837 2968 homo
854 2913 888 2967 de
906 2932 1017 2984 persona
1029 2915 1125 2968 Christi
1138 2918 1301 2986 Θεαψθρώ-

310 3021 366 3055 που
386 2999 544 3070 hypothesin
565 3008 653 3063 tsnet‚
673 3001 694 3052 is
716 2998 826 3070 quidem
845 3017 940 3070 magne
957 2999 1018 3052 lidei
1036 3001 1123 3054 fulcra
1141 3018 1172 3052 ac
1190 3016 1301 3052 seuera-

312 3087 391 3138 tiouis
416 3103 478 3154 erpa
504 3103 566 3137 eum
592 3101 712 3138 summae
740 3085 911 3136 incitamenta
941 3084 1042 3150 hahet,
1068 3102 1158 3136 serum
1188 3091 1300 3136 nonest

311 3171 432 3223 cantiae
450 3168 560 3222 modesti
578 3153 715 3234 dhctoris,
737 3181 767 3220 ut
784 3169 811 3220 in
832 3168 901 3243 hane
918 3171 1075 3220 sententiam
1088 3186 1179 3222 ornnes
1192 3169 1304 3237 conspi-

315 3262 392 3316 rent,
421 3253 573 3322 postulare,
602 3251 700 3304 nedum
719 3268 782 3316 eos,
799 3252 846 3321 qni
863 3252 941 3304 aliam
960 3251 993 3304 de
1012 3269 1123 3320 persona
1141 3251 1237 3305 Christi
1255 3269 1303 3304 ra·

314 3338 413 3388 tionem
431 3337 519 3388 animo
537 3333 683 3385 informent
693 3331 708 3394 ,'
724 3335 866 3386 temerario
882 3332 985 3403 judicio
1002 3343 1110 3386 aeterna
1128 3333 1302 3410 saluteadam·

246 3432 264 3453 f
315 3439 398 3485 nare,
417 3420 457 3473 rel
476 3426 586 3486 propter
605 3427 726 3470 naturam
746 3417 891 3486 mysterii’'
909 3436 968 3488 sqq·
1004 3421 1033 3472 L.
1053 3421 1071 3472 Ι.
1092 3420 1123 3475 Τ.
1142 3420 1175 3470 ll.
1196 3438 1224 3488 p.
1238 3415 1305 3472 365.»

349 3505 532 3558 hincmaurus:
572 3503 636 3556 »De
654 3515 749 3554 ustura
765 3503 827 3555 Jesu
846 3501 960 3568 Christi,
978 3507 1196 3575 Θεανθρώπου,
1215 3501 1302 3574 deque

316 3600 428 3644 naturae
456 3587 560 3642 divinae
585 3595 612 3640 et
639 3587 770 3640 humanae
796 3588 824 3639 in
849 3589 986 3640 Servatore
1007 3598 1097 3642 nostro
1114 3589 1304 3658 conjunctione

262 3733 266 3746 ¹
315 3675 461 3727 arctissima
487 3674 515 3724 in
543 3673 656 3726 Ecclesia
682 3671 814 3740 primitiva
842 3671 989 3724 Christiana
1015 3689 1110 3740 parum
1136 3671 1303 3740 disputatum

313 3761 384 3826 tutt;
421 3759 609 3826 Apostolorum
634 3755 734 3828 quippe
757 3757 952 3826 simplicitatem
978 3765 1007 3808 ut
1025 3757 1170 3825 plurimum
1188 3772 1303 3826 sequest-

314 3855 370 3907 tes,
390 3843 564 3913 antiquissimi
582 3843 711 3896 Ecclesiae
728 3839 891 3894 Christianae
903 3844 1031 3894 Doctores
1042 3841 1077 3894 ah
1089 3842 1216 3894 ulteriore
1231 3857 1303 3909 mys·

313 3930 373 3982 terii
392 3929 473 3998 hujus
492 3927 667 3996 explicatione
684 3923 873 3992 abstinebunt,
894 3927 1069 3998 popularique
1082 3923 1305 3978 dicendiratiosse

315 4010 491 4066 utebantur.’'

349 4101 408 4148 stlt
425 4097 465 4148 sel
483 4095 521 4149 sic
535 4099 591 4168 jam
610 4096 671 4148 sstis
689 4095 760 4160 cito,
780 4103 924 4166 postquam
942 4094 1097 4165 mysterium
1110 4093 1161 4146 hoc
1172 4093 1212 4147 rel
1224 4109 1307 4146 enra-

315 4176 367 4233 tlus
392 4179 504 4248 rimari,
531 4180 570 4234 vel
589 4178 623 4232 ad
640 4177 776 4234 doctrinas
794 4177 923 4251 quasdam
942 4175 1306 4250 philosophicasaccomsno·
