2958 5096
660 484 729 556 119

197 721 444 790 occultationem
466 741 575 786 rerum
597 719 630 784 iu
650 718 803 809 religione
823 717 1003 788 Christiana
1016 718 1179 784 chriarum

197 849 296 916 quam
325 824 460 890 maxime
489 823 669 913 promereri
701 825 829 905 abiis,
859 825 915 914 qui
939 847 974 890 er
1004 821 1181 891 Gentilibus

198 929 372 998 Christiani
394 942 494 996 essent
516 929 614 1009 facti,
639 929 801 1018 adeoque,
827 928 887 994 sibi
909 929 976 996 fere
1002 929 1128 1010 insciis,
1148 928 1180 992 in

196 1036 382 1126 religionem
415 1032 627 1102 Christianam
651 1035 853 1101 traducerent
876 1057 932 1114 ea,
965 1033 1104 1123 quaein
1130 1055 1179 1098 re·

196 1142 333 1234 ligione,
363 1161 458 1229 quam
483 1151 573 1206 antea
595 1138 779 1219 coluerant,
813 1137 1033 1227 reliquissent,
1064 1137 1180 1227 quibus

197 1271 216 1312 a
243 1244 358 1312 teneris
381 1243 455 1310 inde
474 1256 576 1312 essent
599 1245 784 1325 assuefacti,
810 1265 955 1334 quaeque
973 1242 1072 1332 igitur
1096 1242 1182 1308 diffi-

197 1349 260 1418 cile
286 1349 462 1439 abjicerent
484 1371 521 1414 ac
543 1349 749 1439 repudlareut
772 1360 838 1416 tota
861 1360 988 1437 quanta.

584 1588 798 1606 Μ

243 1767 396 1834 Videmus
423 1768 550 1859 itaque,
575 1764 761 1834 Christianis
782 1767 876 1834 fuisse
900 1767 1048 1854 mysteria
1068 1766 1102 1830 in
1124 1787 1179 1832 re-

196 1871 316 1964 ligione
338 1870 517 1940 Christiana
541 1894 589 1938 res
610 1871 863 1952 abscondendus,
885 1893 926 1939 ne
945 1871 1105 1938 laederent
1117 1867 1180 1934 ho-

198 1978 321 2044 aninum
355 1977 444 2045 istius
477 1977 545 2042 aevi
573 1977 712 2043 studium
743 1989 775 2043 et
803 1999 943 2042 amorem
965 1999 1072 2042 rerum
1095 1976 1183 2041 anti-

197 2103 356 2172 quarum,
398 2094 452 2166 ut,
492 2081 595 2148 studio
634 2081 723 2147 ducti
764 2079 820 2146 h'as
860 2105 908 2148 res
949 2080 1183 2148 abscondendus
1228 2151 1233 2184 s

197 2186 430 2278 cognoscendi,
460 2185 663 2253 vehementer
684 2200 837 2275 cuperent
858 2185 997 2254 Gentiles
1023 2185 1184 2277 religionis

198 2291 397 2361 Christianae
427 2291 497 2356 fieri
528 2291 631 2368 circs,
662 2312 701 2356 ne
723 2290 959 2380 simplicitatem
984 2289 1088 2356 cultits
1110 2289 1184 2356 reli·

196 2381 301 2489 gionis
331 2383 527 2463 Christianae
550 2408 742 2485 exponerent
765 2396 940 2462 contemtui
962 2393 1186 2462 non-Christi·

197 2524 331 2573 anorum
357 2497 401 2568 et'
417 2524 479 2570 non
500 2501 719 2580 initiatorum,
755 2501 972 2588 majoremque
995 2499 1056 2590 ipsi
1079 2499 1187 2568 conci·

197 2607 314 2678 lierent
350 2607 560 2676 reverentiam
600 2629 637 2672 ac
673 2605 944 2686 aestimationem
989 2606 1107 2684 verbo,
1151 2617 1186 2670 ut

196 2712 363 2784 allicerent
386 2711 526 2782 Gentiles
545 2710 585 2778 ad
605 2734 672 2781 rem
697 2707 909 2780 Christianam
921 2709 1186 2778 accommodandi

196 2816 354 2906 religione
379 2815 559 2884 Christiani
581 2816 722 2904 ipsorum
742 2815 917 2887 Gentilium
940 2814 1097 2905 religioni.

244 2921 318 2992 iam
354 2945 428 2992 raro
462 2919 546 2988 hanc
579 2921 759 2996 sectionem
795 2919 840 2986 itn
878 2918 1067 2986 concludere
1097 2941 1186 3008 posse

195 3025 291 3096 nobis
304 3027 448 3098 ridemur
460 3075 469 3107 ,
483 3029 650 3117 originem
659 3026 887 3104 diversitatis,
902 3022 1075 3091 secundum
1089 3045 1185 3113 quarn

201 3128 376 3198 Christiani
406 3142 556 3218 putarent
589 3139 724 3217 μυςήρια
757 3128 790 3194 in
822 3127 975 3219 religione
1008 3126 1186 3196 Christiana

199 3258 266 3324 essa
282 3257 332 3303 res
354 3235 607 3315 abscondendus,
627 3235 853 3321 sitamsuisse
864 3237 901 3296 ic
913 3235 1061 3322 aprorum
1073 3235 1182 3300 homi-

197 3363 275 3412 num
298 3343 452 3433 ingenio,
475 3349 505 3412 et
521 3343 642 3430 serrari
663 3341 771 3406 culm
795 3340 955 3428 religiosi
966 3339 1186 3428 Pagaaorum

193 3450 302 3518 istius
322 3447 480 3536 temporis
491 3495 501 3527 ,
523 3455 656 3514 amante
676 3445 786 3512 adhuc
808 3448 844 3510 in
867 3445 1042 3534 religione
1058 3445 1182 3514 Claris-

196 3553 298 3622 tr'aata
319 3573 375 3618 res
398 3551 663 3650 abscondendis,
698 3573 757 3616 nec
778 3571 839 3622 non
860 3551 897 3612 in
919 3549 1030 3616 studio
1043 3572 1185 3639 promo·

195 3657 298 3728 madi
315 3679 384 3726 rem
409 3656 651 3725 Christianum.

520 3933 864 3975 ——*—-
