2958 5096
509 463 516 470 ²
632 503 700 578 111

174 769 283 841 neque
314 749 423 818 seiros
443 751 531 834 πόμα
541 743 602 835 (ii.
649 747 698 814 Ita
720 757 752 812 et
772 743 859 812 loeus
880 763 1037 815 osnsonn
1060 763 1095 817 tt.
1110 750 1157 837 (2)

176 853 304 923 abunde
327 853 442 944 prebet
463 873 500 918 er
520 851 618 942 ipsios
638 863 746 918 mente
767 873 909 942 maguam
932 873 968 917 er
992 849 1161 918 Eucharis-

172 961 240 1028 tiae
265 979 323 1024 usu
349 948 508 1048 profluere
542 956 685 1025 salutern.
732 957 852 1023 Eodem
882 958 977 1023 modo
1001 975 1160 1026 onnrsos·

171 1084 278 1133 renus
296 1063 346 1151 (3)
375 1069 675 1154 μυςαγωχούμενους
704 1061 784 1127 dicit
820 1064 860 1132 δι’
891 1067 1005 1140 ὕδατος
1025 1067 1162 1146 nitores·

169 1176 353 1256 νὼμενους,
395 1173 437 1237 δι’
469 1167 602 1256 αἵματος
636 1174 690 1235 καὶ
717 1174 827 1254 σαρκὸς
859 1175 1089 1254 resederemus,
1126 1181 1159 1236 et

169 1259 318 1340 universe
358 1283 493 1361 μυςήρια
532 1273 631 1342 dieii:
676 1274 793 1358 πολλῆς
828 1275 966 1359 γέμοντα
996 1278 1158 1362 σωτηρίας.

167 1383 243 1448 imo
264 1393 337 1445 ante
359 1379 430 1468 quis
451 1379 517 1446 iere
540 1376 738 1445 Christianus
760 1399 823 1444 non
842 1377 1041 1460 habebatur,
1063 1399 1158 1469 qnam
1217 1443 1222 1454 ,

168 1481 331 1574 mysteriis
361 1481 520 1550 Ecclesiae
547 1495 625 1572 esset
649 1483 801 1548 initiatus.

220 1587 320 1654 Tanta
341 1587 404 1655 suit
425 1588 516 1678 panis
529 1585 748 1654 Eucharistiae
760 1586 958 1666 aestimatio,
983 1597 1159 1654 utetmor-

168 1692 238 1760 tuis
257 1691 389 1758 salutem
411 1683 522 1758 afferre
542 1710 632 1782 posse
653 1679 845 1782 putabatur,
867 1711 966 1781 quare
985 1689 1035 1758 his
1055 1693 1088 1757 in
1104 1711 1160 1760 ore

166 1798 376 1888 ponebatur,
408 1795 540 1863 sollenni
563 1797 692 1862 nomine
713 1801 872 1862 teatinum
890 1796 986 1865 diota.
1035 1797 1102 1880 Qua
1125 1799 1158 1862 in

166 1925 209 1968 re
232 1903 335 1968 forsan
360 1900 533 1969 Christiani
557 1903 693 1969 Grneoos
711 1901 834 1992 imitati
854 1913 926 1968 sunt
938 1953 947 1983 ,
970 1902 1025 1992 qui
1047 1913 1160 1968 etres-

165 2007 283 2090 tibus,
314 2008 429 2098 quibus
459 2007 529 2098 quis
562 2007 704 2074 initiatus
725 2021 814 2088 eret,
844 2027 988 2098 magnam
1012 2007 1075 2073 rim
1103 2007 1179 2074 eds

167 2113 375 2198 scribebant,
399 2126 431 2181 et
453 2113 587 2180 mortuis
610 2114 729 2183 nsoter
752 2113 785 2178 in
812 2135 867 2182 ore
879 2111 1064 2204 ponebant(
1088 2116 1113 2201 ).

614 2300 715 2385 539·

219 2423 394 2493 ostendere
414 2449 489 2518 ergo
514 2429 620 2495 eonati
643 2451 768 2510 sunaus,
792 2445 937 2518 magnam
959 2427 1158 2494 intercedere

169 2529 414 2598 similitudinem
447 2533 531 2599 inter
561 2536 710 2622 mysteria
744 2535 946 2624 antiquorum
982 2533 1157 2624 Gentiiium

172 2647 209 2704 et
225 2633 501 2704 Christianorum.
550 2639 620 2705 Hoe
642 2649 747 2705 autem
772 2639 913 2709 nondum
935 2639 1070 2719 suffieit,
1093 2661 1159 2727 quo

73 2816 75 2830 Ι
172 2743 238 2808 rite
278 2741 523 2832 respondeamus
570 2743 746 2834 quaestioni
790 2742 851 2809 hae
894 2757 985 2834 parte
1031 2743 1158 2811 solven-

171 2845 245 2917 dae.
295 2847 395 2934 Quem
430 2849 471 2914 ob
503 2871 569 2914 rens
601 2849 868 2939 progrediendum
902 2862 948 2914 est
969 2848 1101 2914 ulterius
1125 2859 1159 2916 et

171 2953 421 3042 inquirendum,
466 2955 582 3043 quidus
622 2955 662 3019 de
699 2957 812 3019 sauses
845 2951 885 3016 ud
919 2952 1160 3019 similitudinem

172 3059 396 3145 mysteriorum
418 3057 622 3148 antiquorum
645 3043 845 3126 informarint
866 3057 944 3124 ritus
966 3079 1069 3124 saeros
1091 3060 1159 3124 Eo-

174 3163 289 3230 elesine
311 3161 508 3231 Christianae
527 3163 624 3254 primi
644 3163 741 3254 ipsius
761 3163 915 3245 asseclae,
942 3175 974 3230 et
998 3165 1158 3254 quomodo

173 3268 263 3334 notio
281 3269 502 3355 mysteriorum
523 3270 682 3337 transierit
705 3293 722 3335 a
744 3271 872 3335 notione
887 3270 1158 3360 rerumpateiao-

148 3485 153 3496 ι
171 3480 287 3499 μ

208 3600 250 3670 (l)
289 3600 329 3655 Gi.
347 3619 427 3672 sopra
449 3605 524 3671 528.
1003 3655 1005 3660 .

207 3698 248 3767 (2)
282 3701 381 3755 citatur
400 3703 427 3754 in
446 3715 461 3774 ς
480 3703 524 3756 25.
741 3705 784 3774 (2)
822 3705 862 3759 Gi.
880 3723 960 3775 supra
979 3713 993 3776 ς
1011 3707 1090 3761 ross
1111 3706 1157 3761 28.

206 3795 246 3863 (t)
282 3797 489 3853 Christianorum
516 3803 687 3874 antiquorem
714 3801 749 3856 de
774 3805 799 3856 vi
823 3805 948 3872 baptismi
966 3811 994 3858 et
1009 3807 1036 3857 S·
1055 3805 1156 3870 Coenos

167 3881 327 3950 opiniones,
354 3884 489 3938 interdum
507 3886 584 3940 vaide
611 3889 803 3956 superstitiosas
822 3887 930 3942 exhibet
952 3907 1076 3956 eesrror,
1103 3889 1154 3942 tt

169 3968 251 4022 182⁴.
262 3969 281 4022 1.
292 3970 344 4023 8⁶2
352 3971 401 4033 ih,
418 3971 470 4024 sol
481 3972 531 4038 th,
550 3982 577 4026 et
588 3973 705 4027 universe
714 3972 748 4026 de
756 3976 785 4027 S·
795 3974 880 4028 Coena
893 3975 931 4028 oi·
941 3994 964 4029 n.
977 3989 1108 4040 matema,
1127 3976 1155 4028 in

172 4051 306 4106 Commeat·
331 4055 428 4108 inserta
447 4057 518 4108 Assa.
538 4061 615 4110 dead.
639 4057 718 4112 Gres.
738 4049 921 4114 luis-1829.
952 4058 1157 4116 essendone

165 4137 325 4192 initiationis
348 4147 422 4204 tota,
449 4142 519 4192 inter
535 4142 694 4198 Christianos
711 4145 828 4214 usitata,
855 4159 972 4210 aarum,
1003 4145 1094 4200 Geaoh.
1113 4149 1154 4199 der

170 4221 337 4292 Ratiytoosa,
357 4225 389 4276 11.
408 4225 559 4280 sot-sse.
