2958 5096
694 549 697 556 Ι
757 448 827 522 sss

304 685 466 775 proedicto
489 705 555 752 osso
582 684 711 763 omnio,-
735 705 820 774 quse
840 685 873 750 in
897 680 1023 750 Christo
1046 679 1290 746 ridemusccm·

303 788 388 880 plets
400 837 410 858 .
424 839 434 859 .
447 837 482 858 ..
528 788 621 858 Nunc
647 788 844 880 oprineipio
866 787 963 855 totius
983 784 1169 852 noromensi
1196 783 1288 873 origo

303 892 625 980 sarraconem).
674 894 744 960 lloc
767 903 933 984 postquem
957 889 1055 956 lusius
1075 899 1288 978 exposuerat,

304 1023 325 1063 »
339 997 483 1072 iccirco’*
504 998 574 1081 cit,
600 999 742 1071 »missus
768 1011 849 1066 ests
878 999 945 1064 Deo
967 1009 1079 1087 putre,
1106 1009 1142 1061 ut
1159 985 1288 1060 unirer·

303 1103 343 1168 sis
363 1103 533 1192 gentibus,
555 1125 637 1192 quse
655 1105 714 1170 sub
738 1103 828 1170 coelo
851 1115 946 1184 sunt,
969 1100 1156 1191 singularis,
1174 1095 1287 1165 etreri

302 1207 362 1272 nei
384 1220 525 1276 sanctum
548 1208 732 1296 mysterium
750 1206 905 1276 revolsret
924 1205 1065 1272 rblctum
1082 1203 1204 1294 perfido
1218 1225 1285 1291 po-

301 1310 398 1402 pulo,
423 1312 479 1401 qui
503 1312 650 1380 adversus
668 1314 779 1380 ,Deum
798 1335 891 1403 saepe
911 1309 1046 1398 deliquit
1056 1312 1078 1342 ’'
1091 1310 1151 1397 (2).
1198 1309 1288 1372 llrec

301 1428 334 1484 et
357 1415 553 1484 illustrantur
573 1417 638 1484 slio
659 1417 753 1500 loco,
778 1441 841 1508 quo
862 1417 1047 1505 mysterium
1071 1438 1106 1480 ro
1125 1426 1158 1480 et
1180 1413 1287 1491 fecto,

303 1533 407 1586 morte
437 1523 514 1593 Jesu
548 1521 694 1602 Christi,
730 1523 901 1590 revelatum
936 1519 1035 1588 dicit:
1085 1515 1289 1606 »Discipulis

305 1623 420 1693 iterum
453 1627 651 1718 congregetis
682 1628 860 1718 scriptume
879 1638 1003 1694 sunctoe
1024 1623 1153 1703 literas,
1184 1621 1216 1686 id
1240 1633 1289 1687 est

305 1727 535 1819 prophetarum
563 1754 677 1800 crosno
695 1732 869 1822 patefecit:
896 1751 982 1821 quse
1007 1743 1079 1796 onte
1102 1749 1199 1818 poem
1223 1749 1288 1815 pr-

305 1847 449 1914 teretur‚
475 1837 613 1926 perspici
641 1836 728 1907 nullo
749 1837 847 1904 modo
864 1848 1031 1926 poterent:
1064 1835 1138 1922 quic
1160 1831 1288 1922 ipsum,

306 1941 546 2030 passionemque
565 1944 632 2030 ejus
653 1942 896 2011 annuntirbsnt.
943 1942 1067 2011 locirco
1087 1941 1232 2026 Moyses,
1255 1947 1290 2004 et

307 2044 405 2112 iidem
428 2046 489 2135 ipsi
510 2045 686 2137 prophetoe
709 2047 832 2138 bgsm,
854 2069 934 2138 quoe
951 2044 1082 2114 Judreis
1103 2045 1176 2110 dots
1198 2054 1289 2123 erut,

308 2163 531 2220 testamentum
560 2166 693 2242 secent:
719 2153 793 2242 quia
814 2153 876 2220 nisi
900 2164 1030 2219 testator
1051 2147 1291 2216 mortunszfue·

308 2255 373 2335 rit,
409 2279 467 2322 nec
499 2258 679 2324 confirmari
712 2269 932 2325 testamentum
955 2267 1078 2345 potest,
1111 2275 1170 2318 nec
1192 2251 1290 2332 sciri,

308 2361 386 2450 quid
409 2361 444 2426 in¹
468 2383 508 2428 eo
527 2363 679 2452 scriptum
700 2361 762 2430 sit:
798 2365 873 2450 quir
895 2359 1055 2440 clausum,
1089 2370 1121 2422 et
1145 2356 1292 2445 obsigne-

312 2477 379 2530 tum
414 2477 470 2546 cst.
517 2468 630 2557 ltaque
661 2467 721 2534 nisi
753 2465 895 2534 Christus
924 2477 1059 2530 mortem
1082 2463 1291 2551 suscepisset,

308 2550 430 2658 operiri
449 2583 695 2652 testamcutum,
718 2571 750 2638 id
771 2585 817 2638 est
840 2570 994 2650 revelari,
1015 2581 1047 2636 et
1063 2566 1294 2662 intelligimysv·

307 2673 424 2739 terium
446 2675 505 2741 Dei
528 2698 591 2741 non
614 2677 765 2765 potuisset
778 2683 798 2711 ”
813 2677 874 2762 (3).
960 2719 974 2754 s

354 2778 442 2844 Alios
464 2803 559 2870 porro
582 2783 609 2862 si
637 2782 848 2864 consulimus,
869 2779 984 2848 horum
1003 2797 1181 2852 lucensius
1201 2777 1293 2842 simi·

307 2880 369 2950 lem
395 2883 461 2950 fere
484 2887 670 2952 sententiam
692 2888 880 2978 profitetur:
913 2907 1053 2975 nemque
1075 2882 1130 2950 hic
1149 2883 1189 2950 nd
1220 2880 1291 2952 (iol.
1382 2865 1388 2882 ’

308 2991 335 3058 l.
362 2993 409 3054 26
430 2989 550 3059 verbe:
570 3015 654 3056 nunc
678 2990 755 3057 cero
778 3014 848 3082 sqq.
873 2991 1022 3058 adnotet:
1075 2987 1292 3075 »llystsrium

309 3091 395 3180 qnod
424 3091 516 3160 latuit
548 3119 565 3159 c
595 3095 729 3176 seculis,
763 3095 856 3161 modo
876 3095 1047 3161 revelatum
1070 3115 1135 3160 esse
1158 3091 1292 3172 usserit,

309 3199 331 3265 i.
353 3220 379 3261 c.
403 3209 545 3288 ternpore
569 3199 791 3296 Apostolorum
811 3205 1002 3266 ostensum.”
1017 3239 1060 3250 -
1080 3195 1296 3264 Disertissime

309 3301 371 3366 hoc
387 3302 482 3368 etiam
499 3303 560 3368 elio
585 3307 736 3394 exprimit
753 3306 907 3393 looo(4),
933 3303 1061 3372 dicens:
1111 3299 1293 3386 »Quamvis
1328 3359 1333 3366 .

312 3420 373 3472 tom
406 3409 520 3474 acerbo
544 3423 654 3474 neturs
681 3407 818 3474 humens
845 3407 973 3477 vulnere
997 3405 1134 3471 sauciato
1159 3404 1222 3484 sit,
1255 3415 1293 3469 ut
1392 3399 1395 3406 ⁴

310 3509 348 3574 sd
372 3511 582 3600 cognitionem
610 3515 667 3578 Ilei
694 3513 853 3578 neminem
878 3509 1102 3600 contemplatio
1121 3521 1302 3599 spontanee!

310 3615 403 3704 plene
423 3617 522 3684 valeat
545 3619 692 3700 erudire,
716 3619 777 3686 nisi
797 3615 1071 3684 obumbrationem
1094 3615 1197 3680 cordis
1219 3636 1294 3678 vers

311 3717 361 3782 lux
389 3718 589 3804 discusserit,
612 3749 706 3814 quem
731 3723 928 3790 inscrutabili
946 3720 1072 3811 judicio
1090 3719 1174 3786 Ileus
1189 3721 1299 3806 justus

310 3875 423 3892 ῳ

345 3933 386 4001 (Ι)
426 3939 486 3991 Dio.
507 3941 592 3993 lestis.
613 3941 655 3994 Ν.
675 3941 701 3993 (l.
720 3939 752 3994 X.
770 3958 798 4009 p.
820 3940 879 3992 155·
897 3935 941 3990 cd·
959 3937 1036 3990 Brut.
1053 3935 1130 3988 1521.

344 4020 386 4088 (2)
428 4022 470 4074 lb·
487 4023 515 4076 C.
536 4025 592 4076 llll·
613 4045 641 4094 p.
663 4027 720 4080 159.
740 4026 775 4078 cl'.
793 4025 821 4076 C.
839 4023 884 4076 XV
902 4021 929 4074 in
946 4019 993 4072 lin.
1011 4039 1040 4090 p.
1061 4019 1122 4072 168.

349 4105 391 4174 (3)
431 4108 462 4160 L.
481 4115 500 4160 t.
520 4109 548 4163 C.
566 4110 619 4165 XX.
640 4129 666 4182 p.
689 4109 757 4176 176,
776 4108 836 4162 177.

351 4189 392 4260 (l)
431 4192 468 4244 lle
488 4201 616 4250 oocuts'cne
632 4201 761 4268 pontium,
781 4197 810 4248 b.
834 4194 866 4244 ll.
888 4191 982 4259 ffl'l,
1001 4190 1058 4244 vlt.
1079 4186 1123 4242 cd.
1143 4187 1201 4240 l’rr.
1213 4185 1298 4245 1549·

311 4289 338 4343 p.
358 4275 427 4343 261,
445 4277 483 4345 c,
500 4281 533 4335 ι),
1025 4305 1032 4314 .
