2958 5096
818 494 890 570 128

360 732 446 798 varia
470 729 629 799 Ecclesiae
651 730 800 812 saecula,
826 732 900 798 viris
921 731 1023 799 doctis
1043 732 1138 800 luisse
1157 754 1220 798 nou
1243 733 1345 825 expli·

361 837 480 906 mnda:
505 850 537 903 et
564 836 637 902 ideo
657 835 895 906 concludimus:
925 839 1137 904 diversitatis
1157 841 1342 928 originem,

362 965 424 1031 qua
443 953 590 1030 μυςηριον
612 941 749 1008 dixerint
774 965 842 1008 rem
867 966 929 1008 non
949 943 1207 1034 intelligendam,
1241 945 1343 1033 quoad

362 1047 571 1127 Trinitatem,
608 1050 711 1112 sitem
741 1071 812 1112 esse
838 1053 873 1113 in
897 1051 1055 1114 doctrina
1077 1050 1345 1130 Ecclesiastico,

361 1175 446 1242 quae
469 1151 658 1242 (litigando,
690 1151 892 1234 deliniendo,
925 1154 1157 1234 describendo,
1189 1178 1207 1219 a
1243 1154 1346 1220 verbis

360 1255 438 1324 Jesu
474 1255 763 1346 Apostolorumque
798 1257 1011 1345 deflectendo)
1054 1263 1274 1325 constituerat
1307 1260 1347 1324 de

361 1361 485 1441 Patre,
520 1363 609 1428 Filio
640 1370 672 1426 et
699 1359 837 1451 Spiritu
862 1361 900 1429 S.
932 1366 1043 1447 talio,
1083 1366 1202 1453 qualia
1228 1387 1345 1431 reuera

360 1469 524 1532 rationem
543 1476 736 1557 captumque
757 1469 932 1533 humanum
951 1491 1015 1534 non
1035 1491 1118 1536 raro
1129 1471 1322 1561 fugiebant.

806 1654 823 1737 ς
849 1653 903 1717 41.

406 1783 573 1872 Pergamus
592 1780 700 1848 ridere
715 1780 756 1847 de
771 1779 1019 1850 [coornatione.
1052 1782 1246 1873 intelligitur
1268 1781 1346 1850 haec

361 1908 452 1954 seusu
478 1886 698 1953 Ecclesiastico
723 1887 810 1953 fere:
838 1887 979 1954 conditio
990 1889 1075 1974 {lesu
1098 1887 1238 1971 Christi,
1262 1912 1345 1978 qua,

360 2015 494 2084 persona
517 2014 588 2056 curn
612 2004 691 2056 esset
711 2003 801 2056 autea
827 1992 956 2074 divina,
978 1993 1121 2058 assumsit
1142 2016 1268 2060 caruem
1287 1993 1347 2060 hu-

361 2119 496 2165 manam.
545 2097 612 2162 Hac
633 2096 757 2162 ratione
780 2089 1035 2166 saltemridetur
1057 2097 1243 2164 intellexisse
1264 2099 1348 2168 Gon·

363 2205 480 2269 cilium
513 2202 696 2268 Nicaenum
729 2201 756 2267 I
760 2252 769 2284 ,
813 2202 970 2272 dicendo:
1012 2203 1123 2302 lesum
1164 2202 1346 2286 Christum,

361 2309 464 2375 Deum
487 2329 594 2372 rerum
613 2328 649 2371 er
673 2307 740 2371 Deo
762 2329 836 2372 sero
857 2320 1068 2396 generatum,
1091 2311 1235 2380 uostrirm
1256 2331 1348 2375 cansa

363 2435 489 2480 earnem
524 2435 589 2478 esse
622 2411 797 2478 factumst
820 2412 954 2480 sormam
974 2411 1145 2480 humanam
1165 2415 1349 2504 assumpsis-

257 2553 260 2561 ·
363 2520 469 2606 se(l).
520 2506 704 2586 Cunet'lium
723 2539 820 2606 porro
842 2518 1048 2608 Ephesiorum
1069 2521 1349 2586 unsruntuudam-

364 2625 449 2690 navit
467 2624 598 2711 ejusque
622 2623 831 2701 seutentiam,
854 2623 985 2688 Mariam
1004 2646 1067 2690 nou
1086 2647 1151 2690 esse
1172 2630 1347 2694 Θεοτόκονο
1449 2637 1450 2640 ’

361 2742 393 2796 et
412 2728 598 2794 Concilium
616 2725 882 2792 Chalcedonenee
899 2728 1008 2794 statuit
1023 2728 1192 2794 [lominum
1205 2741 1350 2796 nostrum

337 2833 473 2902 ,lesum
502 2829 662 2898 Christum
684 2853 720 2896 ex
744 2831 867 2897 duabus
887 2832 1043 2899 distinctis
1071 2833 1215 2914 naturis,
1243 2833 1351 2900 distat

361 2936 580 3024 humanaque,
599 2957 663 3000 uon
685 2936 828 3002 confusis
844 2949 875 3003 ct
886 2960 949 3004 uon
961 2939 1124 3028 permixtis
1136 2951 1301 3021 constare,
1319 2949 1351 3003 et

361 3043 528 3110 divinitate
556 3039 686 3129 quidem
717 3041 785 3106 Deo
806 3043 912 3124 Patri,
944 3041 1141 3110 humanitate
1162 3067 1235 3110 vero
1257 3043 1352 3108 uobis

364 3171 429 3215 esse
465 3143 785 3248 consubstantialem,
817 3169 855 3212 ac
882 3169 940 3237 per
965 3149 1070 3214 omnia
1098 3148 1189 3215 nobis
1212 3148 1352 3236 similem

363 3253 481 3342 absque
506 3253 662 3340 peccato(
687 3251 713 3337 ).

399 3533 440 3607 (1)
477 3537 722 3600 literalem-0..
755 3539 879 3596 sig-0..
909 3536 1023 3603 Ἰησοῦν
1055 3538 1252 3601 Xeniorum..
1282 3557 1353 3602 γεν-

338 3627 495 3692 ,νηθῦντα
526 3626 556 3674 ἐκ
588 3624 640 3672 τοῦ
674 3626 785 3691 πατρὸς
813 3629 973 3688 μονογενῆ,
1008 3625 1137 3680 convicte
1166 3625 1195 3674 ἐκ
1223 3623 1354 3689 τῆς-οῦ·

363 3713 427 3768 ονάς
447 3712 500 3760 τοῦ
521 3710 653 3776 πατρὸς,
672 3711 745 3759 θεὸν
769 3709 799 3758 ἐν
820 3710 919 3766 θεοῦ,
941 3693 997 3768 οῦς
1016 3709 1044 3758 ἐκ
1055 3711 1164 3770 φωτὸς,
1187 3711 1261 3759 θεὸν
1278 3709 1355 3774 ἀλη-

362 3797 452 3846 θινὸν
475 3796 504 3844 ἐν
529 3796 605 3844 θεοῦ
629 3793 794 3860 ἀληθινοῦ,
814 3793 1012 3859 γεννηθέντα,
1035 3793 1068 3843 οῦ
1091 3795 1256 3860 ποιηθέντα
1259 3807 1352 3842 .....
1446 3819 1447 3864 η

348 3881 415 3957 ι’τὸν
440 3873 483 3928 δι’
506 3878 657 3942 hautun
679 3878 881 3938 κατελθόντα,
905 3878 954 3928 καὶ
976 3881 1180 3946 σαρνωθέννα,
1202 3879 1250 3927 καὶ
1265 3880 1354 3928 ἐναν-

360 3966 561 4032 &pontonem
586 3981 612 4011 κ.
633 3980 659 4011 τ.
682 3961 707 4011 λ.
731 3975 825 4024 uuest,
855 3959 890 4010 ll.
909 3960 980 4022 665,
1011 3960 1073 4014 668.
1110 3959 1256 4012 Concilium
1278 3959 1353 4011 Cou-

360 4043 625 4115 ttantioopolitanum
651 4040 736 4094 vorbis
767 4047 816 4096 καὶ
841 4048 1030 4115 connectere
1050 4041 1172 4097 additus
1202 4046 1352 4109 ἔνπνεῦ-
1445 4117 1446 4122 ¹

361 4152 450 4196 ματος
471 4133 556 4196 ἁγίου
582 4132 632 4181 nul
649 4134 755 4200 μορίας
776 4136 827 4197 τῆς
847 4134 1010 4200 παρθένου.

403 4226 446 4298 (2)
482 4226 637 4298 Symbolum
660 4226 770 4281 Consilii
789 4227 865 4296 plene
883 4226 989 4282 exhibet
1006 4244 1118 4282 urrann
1127 4253 1141 4296 ,·
1165 4230 1184 4285 Ι.
1203 4227 1221 4281 l·
1244 4227 1266 4280 l.
1288 4229 1354 4284 tet.
