2958 5096
379 750 450 818 Non
482 747 692 814 omittendum
726 769 801 814 aero
827 761 894 828 est,
926 746 1005 814 haec
1039 770 1118 838 quae
1151 750 1317 816 citavimus

333 853 478 946 dogmata
509 852 574 918 sola
598 865 631 918 et
654 853 746 920 unica
771 875 835 918 non
858 875 944 932 esse,
971 874 1053 944 qnae
1075 852 1229 944 appellata
1253 853 1321 920 sint

333 963 504 1048 mysteria.
568 959 674 1047 Longe
718 949 825 1024 abest!
894 957 1069 1024 Ecclesiam
1103 959 1186 1024 enim
1221 958 1316 1048 plora

289 1131 296 1152 ,
333 1063 479 1130 habuisse
506 1063 653 1150 mysteria
675 1061 796 1138 allatis.
823 1063 916 1129 facile
940 1063 1099 1128 credimus
1121 1077 1153 1130 et
1175 1064 1317 1130 testimo·

333 1171 387 1236 oio
418 1168 553 1234 aliorum
586 1167 750 1234 ostendere
776 1169 1017 1258 possumus(l).
1067 1167 1181 1234 Omnia
1203 1167 1316 1233 afferre

332 1275 414 1340 sires
445 1286 478 1338 et
502 1273 624 1338 occasio
648 1285 795 1352 vetuere,
820 1295 925 1362 neque
952 1273 1025 1362 plns
1046 1272 1145 1338 voluit
1172 1273 1318 1363 proposi·

335 1391 401 1446 tum
438 1390 603 1458 nostrum,
639 1399 734 1466 quam
758 1401 807 1444 res
830 1382 930 1468 vulga
953 1377 1101 1466 mysteria
1124 1376 1246 1444 habitas
1266 1401 1318 1444 er-

333 1463 465 1560 hibere]
498 1505 561 1547 non
579 1481 672 1560 ,item
701 1505 831 1562 omnes,
866 1505 947 1573 qnae
978 1482 1149 1574 aliquando
1171 1483 1253 1550 forte
1274 1482 1319 1548 ita

331 1587 508 1680 appellatae
531 1589 604 1655 sint.

693 1743 698 1754 Ι

714 1760 945 1782 an*-

337 1871 494 1890 ——

331 1943 444 2012 partijea
463 1957 525 1994 orer
542 1937 586 1992 die
603 1937 763 1994 waarlredau
783 1956 836 1992 war
855 1937 1065 1994 ondcrsclreiden
1077 1975 1176 1994 .....
1212 1939 1250 2008 ἴῃ·
1269 1935 1320 1992 be-

332 2024 451 2079 lroordau
477 2026 551 2078 alnoo
576 2025 603 2083 in
629 2024 739 2076 aelreren
767 2025 810 2076 ain
831 2032 870 2077 tot
888 2022 923 2076 de
941 2023 1195 2096 verborgenlredcn,
1221 2023 1322 2076 wollar

330 2112 425 2164 kannis
441 2108 476 2162 dc
493 2107 641 2180 goddelijle
658 2107 778 2179 wijaheid
795 2109 881 2161 alleen
901 2127 964 2161 soor
980 2109 1039 2161 rich
1060 2107 1199 2161 behouden
1213 2107 1286 2160 laesit
1293 2105 1321 2170 ‚'’

330 2213 390 2250 ena.
425 2195 498 2247 Yrars
523 2212 556 2247 en
584 2201 713 2260 eranam,
744 2193 874 2247 Genetos.
900 2198 943 2247 der
973 2195 1070 2248 dederi.
1090 2195 1168 2247 Hero.
1187 2192 1264 2245 Ksrt.
1285 2192 1320 2241 ll.

330 2301 360 2352 p.
380 2283 448 2344 166,
471 2279 530 2332 167.

361 2367 545 2420 Munnaornass
583 2363 661 2416 »Eoi
679 2360 714 2414 de
733 2369 880 2416 tracessitata
898 2362 978 2432 liujus
997 2381 1046 2432 per
1063 2363 1190 2433 parrionis
1208 2360 1319 2412 mortis·

327 2469 380 2524 que
404 2451 467 2503 dean
493 2449 588 2500 Christi
611 2450 790 2500 interventum
810 2446 899 2500 veniae
920 2447 1076 2500 hominibus
1095 2444 1227 2517 parandae
1245 2443 1321 2498 modi

330 2535 397 2588 nihil
414 2535 481 2586 certi
499 2553 515 2585 a
531 2539 632 2602 puori,
656 2529 730 2602 quod
747 2535 845 2601 ajunt,
868 2530 921 2584 dici
940 2535 1023 2600 possit
1033 2572 1042 2598 ‚
1069 2551 1118 2585 uec
1135 2533 1215 2604 etiam
1234 2525 1318 2600 quid-

330 2637 411 2691 quatu
437 2617 490 2669 dici
512 2634 579 2685 opus
597 2619 649 2682 εἰη
677 2614 795 2666 dubitari
815 2624 902 2668 tamon
923 2618 1034 2688 nequit,
1061 2618 1137 2669 illum
1155 2614 1320 2668 exactieime

328 2703 364 2758 ad
390 2711 510 2755 naturam
535 2703 582 2753 llei
606 2701 822 2770 perfectissimam
846 2700 1076 2754 accommodatum
1098 2705 1164 2771 (esse
1184 2703 1319 2770 Θευπρέ-

329 2788 398 2856 πον)
413 2823 509 2843 .....
546 2790 569 2839 Α
588 2785 663 2838 nobis
681 2803 760 2850 vero,
779 2803 944 2857 quamquam
963 2789 1066 2856 plenior
1080 2786 1159 2856 liujus
1173 2786 1210 2836 rei
1224 2784 1321 2836 notitia

329 2873 398 2926 vitae
422 2870 530 2924 demum
556 2871 664 2922 suturae
688 2879 816 2922 reservato
841 2868 979 2937 videatur,
1008 2873 1111 2942 aliquae
1131 2879 1218 2921 tamen
1238 2867 1321 2937 hujus

330 2957 446 3027 mysterii
472 2958 585 3008 rationes
608 2955 682 3026 qnasi
706 2972 753 3023 per
773 2963 943 3007 transennam
960 2957 1077 3024 conspici
1097 2961 1226 3024 possunt,
1252 2969 1321 3024 quea

333 3039 407 3093 nobis
425 3039 615 3109 persuadeant,
635 3057 686 3091 nou
707 3049 811 3091 tantum
830 3039 984 3093 doctrinam
998 3041 1209 3103 banconiacrsa,
1228 3053 1322 3090 verum

331 3133 359 3177 el
385 3131 531 3177 narninatim
548 3142 609 3176 cum
628 3137 742 3188 martam,
760 3133 818 3175 tum
836 3133 863 3178 et
880 3145 1010 3194 mannam
1026 3126 1088 3178 Jesu
1107 3124 1202 3176 Christi
1221 3137 1323 3191 parau-

332 3208 382 3262 dae
399 3209 580 3282 peccatoribus
597 3211 687 3262 reniae
703 3211 865 3281 aptissimam
881 3212 963 3264 esre.”
999 3211 1028 3262 L.
1047 3210 1066 3262 l.
1086 3213 1107 3263 l.
1128 3227 1156 3278 p.
1170 3208 1238 3273 ²10,
1256 3207 1321 3259 211.

333 3295 371 3348 ol.
390 3295 480 3346 notula
500 3297 517 3364 ς
535 3295 587 3347 228
603 3292 723 3365 adjecta,
742 3292 850 3346 ibidem.

370 3379 407 3446 (1)
442 3378 513 3430 allia
537 3379 636 3429 alterae
659 3378 807 3446 Theologen
838 3376 893 3430 und
916 3375 997 3430 deren
1024 3376 1182 3445 llaclrlolger
1197 3372 1323 3446 beltaop-

334 3471 396 3527 ten,
414 3461 471 3515 dass
490 3461 533 3514 die
550 3461 737 3531 Ollcnbarnng
755 3464 947 3533 Mystarisn
965 3463 1094 3515 entlralte.
1131 3461 1193 3512 Man
1206 3455 1323 3512 verstelrt

332 3545 462 3599 darunter
479 3547 580 3615 Dioge,
597 3545 698 3599 welche
716 3563 786 3599 zwar
803 3545 853 3599 der
874 3547 1006 3598 vernunst
1025 3546 1099 3599 nicht
1111 3543 1321 3605 widerstraiteu‚

264 3641 268 3658 ¹
327 3628 428 3702 jedocla
453 3630 523 3683 aoclr
549 3647 599 3684 ron
625 3629 668 3683 ilar
698 3631 773 3683 nicht
799 3631 967 3683 vollrommen
996 3629 1116 3683 deutlich
1148 3629 1324 3699 bapsisfen

333 3713 440 3770 werden
459 3715 564 3768 konnen
574 3747 676 3768 ......
715 3716 791 3767 Diase
808 3717 950 3786 lllysterieu
969 3713 1030 3768 sind
1042 3717 1069 3786 a)
1082 3718 1219 3778 historica,
1239 3727 1322 3764 wun-

332 3795 449 3851 derrolle
463 3799 579 3866 Thalem
606 3802 631 3869 b)
655 3803 811 3870 dogmatica,
834 3800 1041 3870 unbegroissiche
1060 3797 1260 3852 Glaubenssitac
1279 3791 1321 3861 (de

333 3887 466 3948 trinitate,
483 3885 512 3934 de
528 3887 703 3936 incarnatione
719 3895 745 3936 st
760 3887 939 3952 satisfactione
961 3884 1060 3936 Caneri
1067 3921 1076 3946 ,
1095 3887 1123 3936 de
1135 3884 1326 3952 justificatione

331 3984 379 4034 per
402 3969 491 4036 fidon,
519 3969 548 4018 de
567 3973 746 4020 rerurrectione
765 3979 938 4033 mortuorum,
969 3973 999 4040 ds
1020 3974 1117 4020 cisione
1135 3968 1184 4019 Dei
1199 3968 1326 4017 intuitiao

332 4059 358 4102 at
383 4053 563 4120 abdicatione
579 4049 752 4119 carporuml.'’
786 4053 826 4103 lta
846 4054 926 4106 sentit
945 4071 968 4106 r·
992 4071 1017 4106 a.
1035 4069 1125 4117 sarrs,
1161 4051 1326 4114 Darstslluap

247 4145 260 4176 ⁶
334 4136 377 4186 dra
393 4137 499 4204 manat.
519 4133 668 4202 Systernrd·
688 4141 1089 4207 aaaspoliani-protasiantiaalton
1109 4137 1225 4190 Kiraios.t
1240 4132 1327 4185 narr·

337 4217 464 4272 Baarleit.
484 4235 533 4272 eon
550 4235 573 4273 a.
594 4234 680 4274 aanor.
701 4221 779 4274 teto.
800 4240 827 4294 p.
849 4223 909 4278 101.
1225 4209 1229 4218 “
