2938 5080
610 496 655 570 81

796 661 803 690 l

139 729 225 798 ritus
243 751 346 798 sacros
368 707 612 800 catechumenis
633 731 767 822 aliisque
785 755 850 800 essa
872 731 1128 817 abscondendus,

138 837 247 927 iisque
270 857 334 902 nou
361 859 426 904 esso
450 836 751 904 communicandam
768 836 946 906 doctrinam
966 838 1007 907 dc
1029 841 1079 908 iis.
1154 870 1173 917 χ

190 941 278 1027 Quae
300 937 355 1008 bic
378 939 445 1008 illic
468 940 611 1032 dispersa
636 940 820 1032 collegimus
843 943 883 1010 de
905 945 1130 1031 mysteriorum

138 1046 290 1126 ratione,
326 1045 467 1112 consulto
503 1046 633 1136 exponit
666 1065 832 1116 curemus,
891 1045 1011 1116 Orneus
1045 1048 1130 1114 enim

136 1151 328 1218 criminatus
381 1164 450 1218 erat
505 1151 683 1218 doctrinam
728 1149 891 1242 religionis
933 1151 1131 1220 Christianae

137 1255 390 1338 clandestinam,
429 1257 515 1344 qnod
558 1267 651 1346 negat
684 1275 859 1337 ortonnes,
896 1256 1057 1347 udpellans
1092 1255 1132 1322 ad

137 1362 208 1428 fata
247 1374 279 1428 et
315 1360 397 1426 lacta
429 1361 505 1427 lesu
542 1361 714 1430 notissima.
763 1359 930 1428 Caeterum
955 1384 1017 1426 non
1040 1377 1134 1451 negat

140 1465 303 1556 quaedam
327 1488 414 1545 esse,
449 1488 530 1554 qnae
555 1488 617 1531 non
642 1466 680 1532 cd
705 1487 812 1532 ornnes
835 1465 900 1531 dici
923 1480 1069 1556 possent,
1101 1478 1134 1532 at

141 1575 221 1636 vero
253 1570 439 1659 religionem
473 1568 687 1637 Christianam
717 1568 779 1636 boc
814 1591 981 1637 commune
1014 1569 1134 1637 habere

141 1695 222 1740 cum
254 1670 449 1764 pbilosophis
483 1673 667 1742 contendit:
701 1670 817 1738 horum
850 1686 955 1739 autem
985 1673 1135 1762 mysteria
1197 1750 1201 1758 Ι
1290 1752 1293 1760 1

143 1801 310 1868 nunquam
342 1776 414 1843 ide'o
447 1779 613 1844 criminata
637 1801 722 1858 csse,
759 1777 841 1867 qnod
868 1791 970 1844 essent
993 1791 1135 1858 secreta,

146 1883 354 1963 abscondita;
390 1894 422 1948 et
457 1883 530 1948 inde
563 1881 750 1963 concludit,
780 1905 925 1973 perverse
948 1883 1020 1950 ideo
1043 1906 1136 1974 agere

147 2007 272 2075 cnnsnu
295 1985 378 2052 banc
401 1986 443 2052 ob
469 2008 593 2052 causam
618 1986 805 2074 religionem
830 1985 1041 2055 Christianam
1065 1988 1135 2054 cri·

148 2093 324 2158 minantem
340 2091 402 2179 (ll.

194 2197 386 2280 Quaerentes
418 2207 545 2274 autem,
579 2216 677 2283 quare
708 2207 741 2260 et
764 2194 824 2262 vlt
848 2196 1051 2264 Sacramenta
1074 2195 1137 2262 sint
1243 2189 1257 2196 ’

151 2300 235 2367 dicta
272 2311 427 2387 μοςήρια,
469 2299 516 2364 rei
548 2300 702 2389 rationem
738 2301 855 2389 partim
888 2314 1035 2390 putamus
1072 2322 1138 2366 esse

148 2405 255 2486 hunc,
279 2407 364 2495 quod
391 2387 505 2473 Graeci
531 2405 675 2472 Latinam
693 2427 801 2470 rocem
814 2415 1054 2470 sacramentum
1067 2426 1138 2470 rer·

149 2523 259 2577 terunt
282 2533 359 2577 voce
385 2509 619 2596 μοςήριοο(2)ι
656 2510 772 2600 partim
797 2521 900 2576 antam
927 2508 1081 2574 rationem
1103 2508 1137 2573 in
1212 2569 1219 2586 ,

147 2638 187 2680 eo
211 2615 301 2679 sitam
327 2615 421 2680 fnisse
447 2622 618 2704 putamus,
645 2616 751 2704 quod,
776 2635 876 2703 neque
899 2636 935 2679 ac
959 2613 1138 2703 Baptismus

146 2735 181 2786 et
214 2719 246 2786 S.
281 2717 411 2799 (leena,
447 2731 478 2784 et
511 2718 566 2784 alii
600 2720 679 2784 ritus
704 2719 783 2784 sacri
809 2717 1084 2784 abscondebantur
1107 2729 1139 2782 et

147 2825 231 2894 clam
264 2825 507 2914 peragebantur.
556 2825 625 2890 lloc
659 2826 741 2890 enim
776 2823 880 2889 lucum
913 2823 1086 2888 obtinuisse
1109 2844 1138 2886 e.

145 2955 178 3022 g.
205 2931 238 2995 in
261 2929 467 2997 Ordinatione
481 2977 491 3009 ,
515 2950 580 2994 non
604 2942 651 2996 cst
676 2929 813 3018 probatu
838 2926 968 2993 difficile
983 2928 1042 3014 (3).

147 3049 305 3070 μή

187 3097 230 3165 (l)
269 3099 307 3149 Τὸ
334 3097 374 3174 δὲ)
391 3091 467 3150 εἶναι
491 3102 576 3157 τινα,
602 3093 643 3158 οἷς
665 3100 741 3159 μετὰ
766 3102 803 3147 τὰ
828 3097 999 3166 ἐξωτερινὰ,
1031 3099 1070 3161 μὴ
1097 3077 1140 3153 eie
1241 3123 1243 3130 ·

149 3186 219 3242 τοὺς
252 3183 377 3241 πολλοὺςΙ
409 3186 586 3244 φθάνοντα,
620 3183 652 3233 orl
685 3182 772 3244 μόνον
802 3182 880 3232 ἴδιον
900 3184 952 3231 τοῦ
974 3181 1139 3251 Χριςιανῶν

149 3269 259 3334 λόγου,Ι
286 3269 360 3318 ἀλλὰ
390 3271 447 3336 γὰρ
482 3269 532 3318 καὶ
564 3270 622 3318 τῶν
648 3267 814 3327 φιλοσόφων·
838 3265 908 3334 παρ’
930 3261 971 3326 οἷς
992 3269 1070 3324 τινες
1091 3263 1142 3326 μὲν

149 3343 225 3420 ἦσαν
248 3353 410 3421 ἐξωτερικαὶ
435 3352 534 3417 λόγον,
558 3348 654 3420 ἕτεροι
679 3371 712 3402 τε
734 3353 907 3419 ἔσωτνρικοί·
920 3382 1063 3401 .......
1093 3349 1143 3399 acl

147 3440 250 3496 mdccc
268 3457 300 3488 ec
326 3441 363 3488 τὰ
382 3439 537 3503 πανταχοῦ
563 3441 688 3505 μυςὴρια
708 3439 783 3486 κατὰ
805 3439 860 3500 τὴν
872 3428 1007 3484 Ἑλλάδα
1026 3434 1075 3483 καὶ
1088 3436 1144 3498 τὴν

148 3524 324 3591 βάρβαρον,
363 3523 468 3590 κρύφια
499 3521 569 3573 ὄντα
604 3525 637 3571 οὐ
672 3519 884 3586 διαβέβληται·
916 3519 1020 3587 διόπερ
1048 3519 1144 3584 μάτην

148 3606 225 3674 μηδὲ
244 3610 347 3672 νοήσας
373 3608 500 3672 ἀκριβῶς
519 3609 553 3656 τὸ
574 3607 691 3674 »prpter
711 3609 763 3656 τοῦ
788 3605 996 3672 Χριςιανισμοῦ
1012 3603 1144 3664 διάβαλ-

151 3693 205 3744 λει.
239 3689 330 3742 Contra
353 3689 461 3742 Golaum.
483 3689 502 3739 l.
523 3688 548 3740 7.
564 3687 630 3756 opp.
643 3688 673 3740 Τ.
688 3688 710 3740 l.
723 3705 749 3754 p.
763 3686 830 3748 325,
848 3685 911 3736 326.
923 3683 952 3734 E.
965 3685 999 3736 A.
1014 3683 1065 3738 Ed.
1079 3684 1144 3738 Bora.

187 3771 230 3844 (2)
262 3773 398 3844 Namque,
427 3780 553 3844 μυςηρίῳ
572 3771 751 3823 Eucharistiae
769 3777 897 3836 excepto,
917 3768 1003 3820 betici
1023 3785 1076 3820 nou
1096 3786 1143 3822 tc-

153 3857 194 3910 liti
221 3866 284 3909 runt
312 3858 360 3908 Vll
387 3857 557 3910 Sacramenta
588 3854 676 3908 dicere
707 3859 839 3922 mysteria,
867 3849 912 3906 scd
943 3849 1087 3904 contrade
1107 3852 1147 3906 luia

152 3939 281 3994 divorsum
301 3926 482 3992 condidimus
500 3957 515 3994 e
533 3937 656 3992 doctrina
674 3937 708 3990 de
726 3937 855 4006 mysteriis
874 3934 1034 3988 doctrinam.

194 4025 236 4093 (³)
275 4024 406 4091 Praecipit
423 4025 494 4076 eninr
516 4023 654 4076 Concilium
672 4023 837 4076 laodicenum
854 4021 916 4073 Cen.
940 4021 979 4072 V:
1001 4023 1050 4088 Μὴ
1075 4007 1140 4072 dita
1216 4072 1225 4092 ,

154 4113 208 4168 τὰς
228 4115 409 4180 χειροτονίας
428 4113 476 4162 tut
498 4114 643 4178 παρουσίᾳ
665 4111 844 4180 ἀκροωμένων
869 4111 1019 4174 pluendos.
1056 4119 1145 4168 lust,

149 4194 156 4246 l
203 4193 223 4244 l.
250 4191 280 4243 Τ.
310 4193 357 4244 ΙΙΙ.
386 4211 414 4264 p.
442 4193 514 4258 566).
552 4192 585 4245 lit
611 4192 644 4245 de
671 4189 763 4244 eadam
793 4208 820 4246 re
847 4197 937 4244 monet
954 4205 1146 4241 cunrsosrcnns:

878 4278 898 4339 6
