2938 5080
623 406 673 520 2'9
725 453 728 462 «

149 695 297 772 tempus,
321 703 424 772 quum
447 679 487 748 de
507 703 544 750 re,
565 677 671 748 adhuc
689 675 874 746 abscondita
892 676 1025 768 loquens
1045 699 1138 769 prae·

155 787 233 870 senti
255 807 327 852 usas
346 797 427 852 esset
457 785 577 866 forma,
604 786 905 874 οἰποκροπτομένρν,
930 806 1025 874 quam
1044 783 1139 850 dicti·

153 915 212 958 one
227 915 298 957 mor
319 892 486 982 sequenti:
521 899 559 978 ἣν
580 899 750 980 προώρισεν
777 920 806 958 κ.
834 918 864 958 τ.
888 891 918 958 2.
945 927 989 940 -
1009 879 1083 976 ἡμῖν
1104 892 1139 957 δὲ

151 999 369 1084 ἀπεκάλυψεν.
418 997 557 1081 Quorum
588 998 700 1088 igitur,
720 996 752 1060 in
787 994 920 1088 gloriam
951 997 1138 1083 anteanjam

152 1103 236 1170 Deus
262 1101 349 1166 illam
374 1101 561 1192 sapientiam
584 1102 790 1168 constituerat
813 1101 977 1184 futuram,
1001 1097 1050 1165 his
1072 1110 1141 1166 erat

147 1209 215 1299 jam
230 1209 431 1297 putrefacta,
457 1229 520 1284 non
546 1206 681 1298 amplius
701 1205 910 1293 abscondita(
936 1207 959 1294 ).

197 1314 283 1402 Ergo
306 1310 420 1379 Poulus
442 1311 576 1392 scribit,
593 1335 633 1378 -se
654 1311 890 1403 praedicantem
901 1312 1012 1378 Jesum
1031 1307 1142 1377 Chris·
1231 1305 1238 1314 ’

154 1429 245 1500 tum,
269 1439 406 1506 eumque
428 1417 516 1482 cruci
528 1418 653 1482 affixum
663 1467 672 1496 ,
684 1415 869 1506 praedicare
882 1415 1067 1504 sapientiam
1081 1411 1141 1478 Dei

156 1535 245 1588 antea
278 1521 516 1602 absconditam,
554 1534 625 1587 ante
656 1519 778 1598 saecula
811 1543 828 1585 a
855 1520 922 1585 Deo
941 1520 980 1584 ‘in
1006 1519 1140 1609 gloriam

152 1639 292 1712 'nostram
323 1627 549 1710 constitutam,
580 1647 665 1690 nunc
693 1647 767 1690 vcro
792 1623 983 1713 patefactam
1007 1624 1046 1689 ab
1073 1623 1142 1712 ipso

146 1754 213 1822 ¹per
245 1732 392 1821 spiritum
418 1753 530 1812 suum3
564 1729 597 1794 id
618 1741 686 1810 est,
710 1751 742 1794 se
763 1728 948 1818 praedicare
974 1727 1141 1796 consilium

156 1835 216 1902 Ilei
248 1837 388 1926 sapiens,
415 1836 502 1926 quod
530 1848 621 1902 antea
645 1845 713 1900 erat
736 1833 977 1914 absconditum,
1002 1832 1055 1900 sed
1072 1834 1141 1922 jam

156 1937 212 2004 diu
236 1963 255 2006 a
277 1941 394 2006 Deoia
414 1953 553 2005 nostram
576 1939 708 2004 salutern
722 1950 867 2028 captum,
881 1937 1068 2018 consilium,
1093 1937 1144 2003 in·

156 2051 278 2130 quarn,
301 2042 384 2122 boc,
408 2067 463 2132 per
476 2045 607 2136 lesum,
631 2056 664 2110 et
675 2041 761 2108 hunc
775 2042 863 2108 cruci
874 2045 1022 2124 affixum,
1036 2064 1143 2108 omnes

161 2145 324 2211 credentes
345 2148 507 2229 servandi,
532 2147 618 2238 quod
642 2145 732 2214 Pauli
755 2146 938 2236 aequalibus
961 2169 1046 2212 nunc
1063 2159 1143 2214 reet
1222 2189 1224 2196 ·

161 2249 245 2316 facto
265 2273 323 2339 per
341 2252 548 2342 Euangelium
569 2254 653 2318 Deus
673 2252 777 2342 aperit
801 2265 833 2319 et
851 2252 1013 2342 patefacit.
1050 2253 1141 2318 Hanc

157 2376 221 2420 esse
251 2377 356 2420 veram
385 2356 475 2422 Pauli
499 2357 709 2438 sententiam,
734 2369 877 2422 constare
898 2356 989 2420 nobis
1012 2368 1142 2446 potest,

156 2458 398 2548 inspicientibus
431 2485 490 2544 ea,
526 2484 608 2551 quae
638 2461 700 2527 sibi
723 2461 859 2528 invicem
882 2475 1096 2554 opponuntur
1111 2463 1144 2528 in

154 2563 259 2653 primo
280 2565 403 2656 capite:
430 2567 476 2632 ibi
488 2568 595 2648 enim,
619 2590 663 2634 as.
677 2570 741 2648 21,
767 2565 922 2636 babeturs
950 2589 1053 2632 »nam
1067 2566 1144 2656 quia

154 2667 188 2732 in
219 2669 372 2760 sapientia
407 2671 468 2738 Ilei
499 2671 636 2738 mundus
668 2694 745 2763 prae
780 2671 935 2762 sapientiai
967 2694 1030 2738 non
1063 2670 1144 2738 vidit

154 2775 279 2854 Ileum,
319 2776 461 2844 decrevit
492 2777 577 2843 Deus
611 2799 670 2866 per
698 2775 865 2844 stultitiam
894 2775 1143 2867 praedicationis

155 2900 278 2945 servare
298 2879 499 2947 credentes.’'
521 2918 561 2932 —
587 2881 674 2946 Haec
699 2893 805 2945 autem
826 2881 1043 2970 praedicatio,
1061 2901 1143 2970 quae

156 2981 285 3050 Graecis
321 2985 412 3072 (puta
434 3005 497 3048 non
527 2982 735 3064 Christianis,
764 2983 823 3056 cll,
840 3008 883 3048 vs.
907 2985 964 3071 24)
989 2996 1057 3050 erat
1078 3011 1143 3068 μω-

156 3090 229 3176 ρία,
262 3087 402 3155 ludaeis.
429 3100 461 3153 et
497 3088 626 3155 Graecis
659 3087 777 3154 vocatis
810 3100 878 3156 erat
907 3087 1060 3178 sapientia
1084 3089 1145 3155 Ilei

157 3189 214 3279 (vs.
229 3196 292 3272 23,
318 3191 389 3279 24).
437 3192 542 3278 Quare
561 3191 681 3277 erbis,
705 3215 787 3284 quae
803 3206 1030 3284 opponuntur,
1055 3207 1144 3262 certo

157 3307 300 3389 constat,
324 3295 455 3364 Paulum
481 3311 514 3364 et
535 3297 569 3363 in
592 3311 700 3364 nostro
723 3297 793 3365 loco
814 3296 992 3388 intelligere
1008 3303 1147 3390 sopiens

157 3401 229 3468 Ilei
250 3403 424 3466 consilium
436 3403 557 3491 ,quod
579 3416 652 3469 ante
673 3401 796 3470 saecula
818 3402 858 3468 ab
878 3403 946 3493 ipso
964 3415 1142 3493 susceptum

157 3505 219 3571 fuit
243 3505 283 3572 de
304 3503 457 3572 salvandis
474 3505 834 3588 omnibusbominibus,
853 3521 921 3574 tum
933 3508 1145 3576 ludaeistum

65 3697 68 3702 Ι
158 3609 305 3690 Graecis,
326 3609 380 3676 sed
399 3611 531 3702 antiquo
552 3635 629 3678 aevo
643 3611 863 3680 absconditum
877 3663 886 3694 ,
901 3623 1070 3701 μυστήριον
1081 3613 1144 3703 (2)

157 3741 273 3761 Q

195 3809 238 3881 (1)
275 3808 317 3864 Gi.
325 3848 334 3876 ,
354 3809 424 3863 inter
435 3812 484 3864 alia
497 3814 570 3880 loca,
588 3813 667 3866 Rom.
680 3813 748 3868 XVI.
762 3813 814 3880 26,
834 3811 880 3866 ubi
892 3832 924 3866 ex
935 3812 1057 3868 adhibito
1068 3831 1146 3869 voec-

156 3889 222 3946 bulo
240 3899 293 3949 νῦν
317 3903 438 3962 constat,
459 3897 569 3970 Paulurp
590 3905 793 3968 φανεροῦσθαν
816 3915 856 3948 =
877 3901 1146 3955 ἀποκαλύπτεσθαι

157 3977 256 4030 solerte
267 3977 302 4032 ad
315 3988 434 4050 temporo
445 3983 592 4050 praesentia
604 4020 612 4049 ,
624 3979 692 4034 illud
704 3987 956 4057 ἀποκεκρυμμένον
968 3993 1015 4038 aut
1031 4003 1146 4053 σεσιγη-

158 4066 242 4130 pisos
261 4061 296 4116 ad
307 4053 427 4136 tampoia
439 4067 580 4118 anteriora.
1140 4060 1142 4068 ’

198 4168 241 4237 (2)
279 4168 376 4226 Eadem
388 4170 458 4225 vocis
471 4177 557 4236 σοφία
570 4170 643 4224 notio
654 4171 727 4242 apud
738 4174 849 4230 l’aalam
860 4159 995 4231 invenitur
1006 4173 1084 4228 llom.
1098 4172 1144 4228 xl.
1180 4145 1181 4150 ἵ
