2958 5096
598 491 669 568 133

145 729 400 800 Katechnnrenen
429 733 480 799 ein
508 731 702 801 Geheimniss
724 729 872 815 machte,
902 755 935 798 so
955 731 1122 823 gewohnte

145 859 218 902 ruan
240 835 305 903 rich
331 859 370 902 an
392 835 532 916 dunlrle,
565 835 747 916 leierliche‚
779 835 1015 927 nichtssagende
1043 843 1122 906 hus·

145 940 276 1009 driicke.
323 940 558 1033 Vernandlung
589 942 643 1008 des
670 943 770 1010 Brods
793 944 857 1009 und
882 943 936 1010 des
959 943 1069 1009 Weins
1089 943 1121 1006 in

145 1047 225 1114 Leib
258 1046 321 1112 und
344 1045 419 1112 Blnt
442 1043 561 1114 Christi
583 1047 693 1113 wurde
716 1069 799 1113 zwar
819 1070 879 1114 ron
901 1046 1046 1114 niemand
1068 1069 1124 1137 ge·

144 1141 276 1242 glaubl,
314 1152 390 1218 aher
417 1151 469 1218 die
497 1148 726 1218 Kirchenra'ter
760 1149 867 1218 hatten
890 1149 996 1235 doch,
1031 1173 1123 1218 wenn

145 1256 190 1322 sie
211 1256 310 1322 daron
331 1254 506 1345 sprachen,
528 1256 601 1323 eine
624 1276 663 1320 so*
679 1253 1031 1346 buntel'hraseologie,
1054 1255 1123 1321 dass

144 1383 217 1426 rnan
252 1359 348 1426 ihnen
378 1357 461 1430 wohl
482 1358 543 1426 alle
568 1357 652 1428 Ehre
673 1357 807 1438 anthut,
841 1381 932 1425 wenn
955 1383 1028 1425 man
1051 1379 1123 1425 rer·

145 1463 294 1546 muthet,
320 1466 365 1531 sie
385 1462 495 1531 hiitten
514 1463 580 1531 sich
604 1463 699 1531 selbst
727 1462 817 1531 nieht
836 1462 1121 1552 verstanden”(l).

188 1567 322 1636 Saeculo
340 1579 445 1636 antem
470 1571 500 1639 V
523 1586 754 1658 rnxononxrus
776 1570 843 1656 jam
870 1581 958 1634 arcte
978 1568 1124 1658 pressisse

143 1671 269 1740 ridetur
301 1674 377 1740 Jesu
411 1673 528 1752 rerba,
564 1673 679 1763 quihus
701 1673 839 1740 Coenam
862 1671 897 1741 S.
921 1672 1120 1740 institueret:

145 1774 237 1844 »hoe
272 1789 318 1844 est
328 1783 361 1858 ,”
397 1801 489 1867 sqq.,
522 1784 619 1858 nans,
655 1776 845 1857 ›rdirinis,”
865 1777 931 1856 ait,
955 1776 1124 1842 »fruentes

143 1881 322 1968 mysteriis,
356 1905 460 1948 nonne
491 1883 552 1973 ipsi
584 1872 852 1949 communicamus
883 1880 1124 1970 (κοινωνοῦμεν)

144 1985 305 2062 Domino,
339 1989 427 2076 eujus
457 1999 489 2056 et
522 2009 637 2076 corpus
668 2000 700 2052 et
730 1987 912 2076 sanguinem
942 2009 1007 2052 ease
1037 1985 1122 2052 dici-

142 2091 239 2158 mus?
253 2099 274 2127 ”
289 2091 351 2180 (2).

188 2195 322 2265 Saeculo
351 2218 426 2263 rero
448 2197 494 2265 IX
517 2194 600 2262 hanc
621 2195 820 2263 vacillantem
844 2195 1023 2262 doctrinam
1045 2213 1125 2261 rxs-

143 2321 278 2370 cuxsxus
296 2321 487 2372 nxnnxxsrus
511 2301 684 2393 explicuit,
707 2313 867 2382 statuens,
893 2323 1008 2391 panem
1026 2312 1059 2365 et
1079 2299 1126 2364 ri·

142 2429 219 2472 num
259 2405 477 2474 Eucharistiae
509 2407 744 2474 consecratione
778 2425 852 2470 vere
879 2404 1066 2470 commutari
1094 2405 1127 2469 in

142 2534 271 2580 earnem
310 2526 342 2580 et
373 2513 556 2604 sangninem
592 2509 722 2580 Christi.
781 2511 829 2576 lta
869 2530 935 2573 rem
968 2507 1124 2598 explicat:

145 2615 288 2686 »Nullus
302 2631 472 2690 ,urerentur
494 2617 535 2683 de
555 2615 617 2683 hoc
638 2637 772 2706 corpore
784 2611 902 2680 christi
914 2625 946 2680 et
956 2614 1126 2702 sanguine,
1155 2652 1156 2660 ν

36 2787 38 2794 .
65 2805 69 2810 ,
143 2722 230 2813 quod
260 2721 293 2788 in
319 2723 469 2811 mysterio
494 2745 567 2789 rera
590 2722 631 2788 sit
652 2744 726 2787 earo
753 2731 785 2786 et
805 2741 896 2786 rerus
922 2718 962 2784 sit
983 2718 1128 2807 sanguia,

143 2827 220 2893 dum
243 2827 288 2893 sic
309 2826 409 2894 voluit
429 2826 484 2894 ille
507 2828 562 2916 qui
586 2827 705 2893 crearit
720 2871 821 2895 .....
854 2837 887 2890 et
910 2823 984 2914 quia
1007 2822 1125 2903 voluit,

142 2929 218 2998 lieet
251 2932 285 2997 in
316 2932 416 3021 figura
449 2931 539 3023 panis
570 2944 602 2998 st
626 2931 691 2997 vini
714 2941 862 3009 maneat,
898 2923 977 2994 haec
997 2927 1042 2992 sic
1064 2949 1129 2994 esse

147 3037 300 3118 omnino,
325 3037 470 3128 nihilque
493 3035 579 3102 aliud
602 3058 697 3126 quarn
719 3056 794 3102 caro
820 3030 939 3100 Christi
962 3045 993 3098 et
1006 3033 1128 3121 sanguis

144 3153 215 3232 post
243 3142 510 3208 consecrationem
532 3139 690 3206 credenda
712 3151 784 3204 sunt
795 3184 947 3218 .......
979 3158 1043 3200 non
1067 3135 1127 3201 alia

144 3245 262 3338 plane,
300 3269 394 3337 qnam
429 3269 511 3336 quae
541 3257 614 3311 nata
642 3257 689 3310 est
712 3243 752 3308 de
771 3241 894 3321 Maria,
931 3253 963 3308 et
985 3263 1073 3331 passa
1096 3241 1129 3306 in

145 3372 241 3418 cruce
273 3363 306 3418 et
342 3350 511 3416 resurrexit
546 3350 585 3416 de
617 3346 900 3440 sepulcro”(3).=
922 3345 990 3430 Qua
1026 3345 1066 3411 de
1094 3367 1129 3412 re

146 3467 252 3522 autern
274 3454 474 3523 Eucharistiae
498 3459 562 3536 (seu
583 3454 689 3544 potius
712 3451 768 3517 illa
792 3449 1126 3538 Transsubstantiatio)

144 3560 205 3650 ipsi
226 3561 265 3628 sit
284 3583 339 3626 res
358 3583 421 3626 oon
433 3559 678 3649 intelligenda,
700 3556 827 3646 exponit
844 3553 946 3633 alibi,
969 3552 1125 3622 dicendo:

146 3665 264 3732 »llaec
297 3678 433 3735 est....
469 3663 601 3730 firmitas
636 3661 711 3727 fidei
735 3673 977 3740 nostrae....,
1015 3657 1070 3724 ubi
1100 3659 1125 3722 si

143 3842 297 3860 —1-

179 3937 222 4009 (ι)
258 3940 286 3992 n.
305 3939 323 3995 r.
345 3937 410 4004 rer,
432 3936 491 3992 xes.
792 3933 834 4006 (ν)
870 3933 913 3986 cr.
932 3937 946 4001 ς
963 3931 1009 3986 as.

181 4035 221 4109 (8)
257 4039 288 4091 ln
305 4035 374 4092 libro
392 4041 421 4091 ale
441 4037 548 4108 Cepora
565 4049 590 4091 ar
607 4037 736 4108 Samias
754 4035 870 4102 Domini,
889 4033 918 4087 C.
938 4033 959 4084 1.
971 4031 1005 4097 2,
1023 4030 1050 4082 lo
1063 4046 1130 4083 nax-

144 4139 206 4178 nn
222 4129 251 4177 et
267 4141 380 4191 nnarxn,
401 4123 513 4178 Veterum
532 4121 693 4194 Scriptorum
710 4133 736 4176 er
752 4122 963 4174 monumentorum
977 4121 1135 4188 amplissimo

148 4211 269 4262 oottrorro.
287 4207 334 4260 lx.
351 4209 404 4263 ³8³
420 4209 450 4261 li.
