2938 5080
809 433 858 508 to

334 670 484 764 Apertior
507 670 604 738 etiam
624 661 894 748 nomilinm'Dei,
917 661 1319 758 quodperstriaumx-

334 789 460 842 aeontoa
487 787 554 856 ert,
589 775 739 866 exprimit
762 775 790 844 l.
812 778 877 853 3⁰,
908 793 1006 863 qnare
1038 787 1072 840 et
1103 771 1319 840 dunelmum

334 881 373 948 ad
402 880 502 946 noatri
530 879 593 947 loni
624 879 869 970 intelligentiam
894 877 1158 968 promovendam,
1184 877 1320 968 allegare

333 985 436 1056 lubet.
483 985 570 1052 llicit
600 985 735 1056 Paulus:
769 1007 857 1050 »ros
889 983 963 1050 estis
998 985 1031 1050 iu
1065 983 1192 1052 Christo
1219 985 1320 1066 dean,

335 1091 392 1180 qul
422 1089 513 1156 uobis
544 1091 646 1156 factm
682 1102 730 1157 esl
759 1086 841 1176 (illa)
875 1094 971 1173 σοφία
995 1087 1075 1168 Del,
1112 1094 1316 1175 δικαιοσύνη,

335 1204 488 1282 ἁγιασμὸς
513 1203 567 1264 ani
587 1197 823 1284 ἀπολύτρωσις,
858 1194 880 1262 i.
900 1217 928 1260 e·
950 1197 1086 1272 dianoni,
1110 1201 1218 1278 ἅγιοι,
1242 1200 1323 1263 nino·

335 1301 586 1386 λιλιιιρωμίιοι,
617 1323 700 1391 qnae
722 1303 828 1366 vernias
851 1299 1072 1388 interpretatio
1095 1323 1132 1366 ex
1155 1300 1214 1380 lis,
1240 1321 1322 1390 qnae

331 1405 399 1496 jam
418 1405 580 1489 diximus,
604 1421 636 1474 et
657 1405 787 1474 defendi
800 1428 911 1495 posse,
934 1417 967 1471 et
978 1403 1129 1471 facillima
1144 1425 1232 1484 erse,
1256 1422 1318 1470 no-

336 1509 386 1576 bis
416 1511 542 1578 ridetur
562 1514 623 1599 (l).
655 1551 701 1563 -
731 1511 816 1596 Quid
843 1511 1100 1596 autemmnlta?
1147 1509 1193 1578 Ea
1216 1509 1321 1591 euim,

335 1637 417 1706 qnae
448 1639 485 1683 ex
514 1617 656 1684 oratioue
681 1629 827 1683 contexta
849 1616 987 1706 probare
1008 1637 1180 1697 conamur,
1204 1617 1321 1706 etipse

335 1719 424 1788 loona
450 1736 557 1788 notter
581 1735 692 1812 aperte
717 1721 856 1789 indieatt
882 1723 1000 1786 etenim
1022 1719 1135 1788 Pardus
1162 1743 1194 1787 se
1215 1721 1321 1806 initia

334 1827 413 1894 dioit
445 1826 633 1916 sapientiam
663 1825 773 1905 illam,
805 1849 901 1914 quam
930 1823 1014 1890 neus
1045 1839 1121 1891 ante
1141 1825 1264 1892 saecula
1289 1827 1333 1890 im

335 1944 473 1997 nostram
497 1929 628 2021 gloriam
658 1929 848 1999 constituit:
883 1951 988 2019 quae,
1021 1929 1082 1994 nisi
1102 1929 1143 1996 de
1169 1929 1321 2012 oonsilio,

336 2033 423 2124 quod
445 2036 528 2101 liena
551 2036 583 2102 in
607 2035 773 2102 hominum
796 2033 928 2101 salntem
948 2035 1194 2124 promovendam
1215 2035 1321 2127 oepit,

337 2138 522 2228 aooipieuda
547 2139 633 2221 sint,
654 2140 731 2229 quid
753 2139 931 2230 significent
951 2161 1015 2204 unu
1040 2137 1258 2230 intelligimus.

380 2245 612 2334 inquirendum
640 2259 757 2322 restat,
785 2245 945 2335 quomodo
967 2241 1161 2334 patefactum
1185 2239 1225 2311 sit
1246 2242 1315 2311 illud

335 2347 395 2416 Dei
418 2349 609 2431 consilinm,
637 2347 723 2440 qnod
747 2363 838 2430 antea
860 2349 1103 2434 absconditum,
1127 2370 1212 2416 nuno
1233 2361 1316 2441 pate·

334 2454 455 2520 iactum
476 2453 588 2520 Paulus
613 2455 765 2522 celebrat.
798 2457 885 2540 Quae
904 2453 1056 2520 hacteuus
1078 2455 1322 2544 disputavimus,

336 2559 500 2625 continent
528 2561 596 2648 jam
631 2557 726 2647 hujus
760 2558 953 2648 quaestionis
987 2557 1186 2626 solutionem.
1244 2555 1324 2624 lite*

335 2663 402 2730 uim
426 2663 620 2754 praedicavit
645 2663 760 2730 Paulus
780 2663 867 2729 inter
891 2661 1074 2731 Corinthios
1088 2661 1176 2728 'nihil
1199 2663 1324 2731 nisido-

336 2789 404 2834 anm
438 2765 599 2836 christum
634 2781 666 2835 et
700 2766 786 2834 huno
824 2771 912 2836 ornei
947 2769 1094 2851 affixumg
1130 2766 1324 2859 praedicavit

335 2885 442 2940 autom
474 2871 560 2940 huno
593 2887 704 2965 utpote
730 2878 843 2959 σοφίαν
867 2875 975 2956 illam,
1006 2878 1120 2958 σοφίαν
1145 2879 1208 2942 nimi
1234 2879 1323 2944 Θεοῦ.

334 2979 407 3047 data
450 2997 526 3047 tero
561 2977 640 3047 hano
675 3001 844 3072 quemnam
874 2982 1049 3072 praebeant
1081 2999 1230 3062 sensnm,
1262 2975 1324 3044 nisi

337 3232 373 3286 33
393 3233 437 3284 eil.
458 3249 520 3286 nom
540 3231 682 3289 antooedd.
705 3261 739 3274 -
759 3234 858 3290 Eodem
876 3235 933 3289 iero
944 3234 1024 3289 modo
1036 3236 1324 3305 remexpiioatarnnoa

336 3313 413 3368 addit
429 3315 501 3368 euim
517 3315 551 3369 ad
569 3335 645 3370 rooea
663 3325 719 3390 πρὸ
733 3325 789 3374 τῶν
804 3324 934 3374 aldran:
957 3340 972 3371 o
983 3338 1052 3392 quaa
1064 3313 1171 3372 oonailia
1183 3320 1326 3392 rapientiao

338 3415 401 3454 tuae
420 3401 490 3452 Dour
506 3400 540 3452 ab
551 3411 659 3454 aeterno
671 3401 820 3471 praefinivit
831 3420 862 3457 ae
873 3402 990 3458 decrevit
1002 3403 1166 3476 exaequenda
1180 3405 1206 3457 in
1220 3413 1326 3472 tempo·-

339 3485 410 3552 ro,'’
433 3487 471 3556 (a.
486 3501 536 3538 nou
552 3487 678 3556 Sponpso
697 3487 761 3542 Oria.
782 3486 830 3542 Ed.
851 3489 927 3543 1691.
947 3492 999 3544 vol.
1015 3492 1045 3542 V.
1065 3487 1101 3541 ad
1120 3489 1147 3543 Ιι.
1163 3491 1213 3561 Ι.)ι
1240 3495 1268 3540 et
1290 3483 1327 3540 ad

338 3587 379 3624 ao.
394 3578 428 3642 ἦν
438 3608 447 3638 ,
458 3587 494 3626 to.
503 3572 533 3626 82
552 3573 748 3644 arapiootinnta
759 3573 779 3628 i.
789 3591 813 3626 n.
826 3592 897 3646 quaa
909 3575 1016 3628 Diviana
1028 3575 1171 3642 sapientiae
1182 3571 1326 3628 malint·

337 3663 366 3710 ot
382 3653 418 3708 ad
430 3672 485 3709 roo.
505 3661 605 3717 οὐδεὶς
620 3681 645 3710 ιι.
657 3679 685 3710 τ.
700 3660 725 3710 l.
737 3695 746 3722 ,
765 3656 821 3712 ib.t
845 3658 967 3730 »quibua
979 3660 1118 3712 consilium
1130 3660 1179 3712 Dei
1190 3657 1224 3712 da
1237 3657 1326 3712 laomi-

339 3738 416 3792 nibur
448 3755 496 3808 pet·
524 3755 630 3792 oruoem
650 3738 797 3808 ralraodio,
824 3741 967 3814 autequam
988 3743 1055 3798 iliud
1078 3746 1148 3798 Dent
1169 3758 1327 3814 amquam-

339 3829 401 3888 tur,
418 3830 476 3874 orat
494 3839 600 3894 prorant
612 3822 793 3893 incognitum,
813 3835 870 3878 tum
882 3826 1032 3882 inauditum
1043 3833 1059 3858 ”
1080 3834 1142 3902 (pro
1154 3829 1253 3880 ultimia
1264 3842 1326 3880 aeno

337 3903 422 3960 rorbia
433 3904 557 3978 aquidum
568 3903 698 3962 nortiam:
716 3919 799 3963 aetat
813 3911 997 3982 inunguitum,
1015 3917 1078 3988 quia
1091 3932 1119 3967 ro
1131 3921 1159 3968 nt
1169 3913 1243 3966 lanto
1255 3927 1329 3966 non·

337 3989 404 4044 dum
417 3989 574 4064 patebat.''l.
604 4007 694 4060 ronna,
713 3993 732 4045 l·
749 3993 769 4049 Ι.

379 4113 442 4192 (η’
460 4125 501 4182 Gi.
519 4133 549 4178 at
564 4144 586 4180 ι.
597 4144 624 4182 a.
640 4142 797 4196 nonaum,
816 4127 926 4200 Optem.
939 4129 1016 4184 Fue.
1028 4130 1066 4184 lin
1076 4149 1102 4203 p.
1114 4130 1162 4185 idi
1173 4147 1233 4206 sqq.
1248 4127 1326 4186 1787.
