2958 5096
758 446 761 456 ’
812 457 884 538 lsi

357 704 487 766 utute
508 693 586 763 ordo
609 693 804 784 requiritur,
834 692 1015 765 succumbit
1039 692 1143 777 ratio,
1178 703 1212 764 et
1236 704 1339 763 temen

356 810 464 864 menet
489 810 575 866 extre
599 796 767 870 bnnttusrn
789 797 944 868 rationem
968 797 1204 880 incusentur,
1236 798 1282 866 itu
1305 812 1341 870 ut

346 904 391 972 tin
419 902 542 970 reticne
570 903 645 970 fidei
673 903 718 968 ris
743 901 870 972 deitatis
891 915 923 970 et
943 913 1081 992 potestus
1107 903 1215 970 efficax
1238 903 1339 974 rnodis

359 1005 504 1076 omnibns
525 1007 697 1088 credetur,
719 1007 793 1097 quis
814 1007 959 1076 dubietas
979 1008 1093 1076 mentis
1105 1055 1116 1090 ,
1139 1006 1217 1076 licet
1240 1008 1342 1081 bunut

329 1110 441 1178 sitne
470 1111 510 1176 sit
539 1111 594 1201 qui
627 1111 768 1202 occipit,
799 1109 957 1192 excindit,
988 1133 1029 1182 ne
1051 1110 1090 1178 ed
1115 1109 1211 1202 hujus
1233 1135 1342 1184 tuere·

360 1215 461 1280 menti
486 1215 727 1306 intelligentium
750 1215 911 1306 pertinget
921 1217 1018 1304 ’'(1).

406 1319 670 1408 obloquebantur
693 1319 770 1388 huie
791 1320 965 1390 sententiae
988 1340 1159 1392 susumus
1187 1340 1340 1406 nunnus,

358 1443 578 1511 erueturne,
610 1425 686 1508 ulii,
722 1446 858 1514 quorum
879 1422 955 1506 hic,
984 1423 1182 1515 spiritualem
1205 1437 1342 1496 statuens

360 1529 393 1596 in
416 1552 498 1620 pene
521 1543 554 1598 et
577 1531 650 1598 rino
672 1531 883 1620 praesentium
896 1580 906 1614 ,
939 1530 1059 1598 indicet
1090 1531 1132 1602 ub
1155 1528 1216 1599 hoc
1240 1531 1342 1620 ipsum

360 1633 425 1700 dici
447 1659 518 1702 rem
537 1659 601 1700 non
624 1636 890 1726 intelligendam.
926 1635 1012 1700 Dicit
1023 1634 1130 1720 enim,
1149 1639 1165 1722 §
1181 1639 1221 1704 9:
1256 1634 1344 1708 »tlte

359 1739 472 1829 penis,
506 1739 561 1829 qni
580 1762 638 1829 per
660 1738 830 1807 sacerdotis
853 1738 1063 1808 ministerium
1088 1735 1207 1807 Christi
1229 1760 1343 1828 corpus

361 1843 551 1928 conficitur,
584 1843 669 1910 aliud
693 1843 828 1910 exterius
851 1839 996 1913 humenis
1018 1843 1159 1910 sensibus
1184 1843 1342 1929 ostendit,

361 1961 393 2020 et
413 1947 500 2014 aliud
527 1946 660 2016 interius
678 1947 820 2016 fidelium
842 1949 1002 2014 mentibus
1027 1946 1154 2018 clemnt.
1200 1946 1344 2016 hiterius

364 2051 493 2141 quidem
513 2053 625 2140 penis,
646 2052 733 2140 quod
754 2065 827 2118 ente
843 2051 969 2143 fueret,
989 2051 1091 2116 formu
1107 2051 1344 2140 praetenditur,

362 2155 450 2228 color
473 2155 671 2237 ostenditur,
701 2178 796 2246 supor
819 2156 996 2246 accipitur:
1027 2169 1076 2224 nst
1098 2157 1233 2226 interius
1254 2157 1346 2246 longe

363 2260 471 2341 eliud,
492 2259 659 2350 multoque
682 2261 874 2351 preciosius,
895 2259 1061 2352 multoque
1082 2262 1287 2338 excellentius
1297 2261 1348 2328 in·
1452 2271 1453 2312 Ὗ

364 2366 517 2452 timetur,
545 2365 620 2454 quin
651 2364 806 2452 coeleste,
831 2366 906 2456 quie
925 2365 1090 2450 ditinum,
1121 2366 1247 2448 idest,
1277 2388 1348 2434 cor·

362 2493 424 2562 pus
458 2467 577 2538 Christi
610 2470 810 2554 ostenditur,
846 2470 931 2562 quod
963 2494 1027 2538 non
1058 2471 1199 2540 sensibus
1221 2471 1324 2541 curnis
1337 2521 1348 2552 ,

363 2575 417 2644 sed
436 2573 535 2640 enimi
556 2573 658 2645 fidelis
677 2576 825 2643 contuitu
848 2575 898 2646 rel
919 2576 1095 2668 adspicitur
1116 2575 1164 2650 rel
1190 2576 1348 2668 accipitur

362 2677 412 2748 rel
436 2678 651 2748 comeditur.''
698 2684 717 2770 §
746 2684 808 2750 18:
858 2680 989 2771 »igitur
1012 2681 1043 2748 in
1065 2682 1263 2773 proprietate
1286 2679 1349 2748 hu·

361 2805 433 2852 tuor
452 2783 691 2874 corruptibilis,
719 2785 752 2849 in
776 2786 925 2874 mysterio
946 2809 1020 2854 rero
1044 2786 1144 2854 rirtus
1164 2785 1348 2855 sennbilis.”

363 2889 408 2962 Er
439 2887 536 2978 ipsius
565 2911 640 2954 vcro
668 2903 776 2958 ruente
807 2889 903 2958 etinrn
935 2889 1015 2959 hoec
1039 2893 1204 2961 conversio
1224 2889 1347 2982 aliquid

363 2993 475 3061 secreti
495 3005 528 3064 et
549 3015 613 3060 nen
639 2992 836 3084 intelligendi
859 2994 1021 3066 continet:
1047 2997 1137 3065 »iste
1159 3018 1296 3086 nemque
1311 2999 1347 3080 ,”

363 3097 490 3186 inquit,
521 3100 537 3184 §
566 3100 631 3178 69,
664 3097 784 3188 »penis
813 3110 845 3166 ct
877 3098 936 3168 istu
967 3112 1059 3190 potus
1086 3123 1150 3168 non
1173 3097 1370 3169 seeundum'

365 3201 452 3292 qnod
482 3200 629 3268 ridentur
661 3225 776 3292 corpus
805 3203 869 3270 sire
892 3205 1015 3294 sanguis
1038 3205 1181 3274 existunt
1206 3204 1351 3287 Christi,

365 3304 419 3372 sed
459 3303 632 3373 secundum
667 3306 751 3396 qnod
782 3306 994 3399 spiritualiter
1030 3310 1113 3378 sitne
1143 3310 1351 3382 substantiam

353 3407 643 3476 'subministrent''
690 3415 707 3496 §
731 3415 793 3481 et:
837 3413 961 3482 »Haec
981 3425 1111 3496 eutem,
1134 3414 1353 3483 dumdecur·

363 3537 444 3606 pore
473 3511 614 3592 Christi,
646 3513 731 3604 quod
751 3514 789 3580 in
813 3516 954 3584 Ecclesia
981 3540 1039 3607 per
1060 3518 1247 3608 mysterium
1267 3520 1354 3608 geri-

364 3633 438 3700 tur,
466 3617 531 3683 dici
563 3639 625 3682 non
654 3633 808 3707 possunt,
840 3622 1014 3692 secundnm
1037 3624 1196 3716 quendem
1220 3625 1353 3695 modum

306 3807 310 3817 Ι
366 3745 480 3812 corpus
512 3717 631 3788 Christi
665 3745 733 3790 esse
763 3727 974 3816 cognoscitur.
1021 3729 1063 3794 Et
1094 3729 1206 3796 modus
1236 3729 1297 3796 istc
1321 3731 1354 3795 in

366 3827 466 3918 figura
486 3833 587 3892 est'et
610 3826 791 3917 imagine..
805 3877 839 3898 ..
886 3830 976 3918 Quod
999 3853 1073 3898 cum
1093 3833 1137 3898 itu
1152 3845 1224 3914 cst,
1248 3857 1355 3924 uppu-

366 4040 522 4063 *nr-¹¹¹·-

386 4163 444 4232 ¹(t)
478 4161 505 4213 C.
524 4162 557 4216 11.
576 4164 603 4216 6.
622 4162 725 4233 bip·
744 4166 841 4220 succ.
861 4167 899 4235 tt,
922 4166 959 4220 cf·
977 4186 1002 4224 e.
1021 4169 1065 4226 IV.
1088 4171 1111 4224 i·
1132 4170 1150 4224 i·
1169 4170 1188 4231 i·
1208 4189 1237 4240 p·
1257 4171 1355 4230 392&
