2958 5096
632 478 698 551 157

170 713 274 804 quoad
304 713 439 781 formam
470 715 726 798 abscondendas;
753 738 867 806 neque.
881 739 930 784 res
952 739 1014 783 non
1036 717 1157 785 intelli·

171 819 287 910 gendes
319 843 356 886 ac
387 819 546 888 humanae
576 823 693 888 rationi
724 845 786 886 nou
809 823 1084 912 pervestigandae,
1109 822 1158 890 rel

171 923 267 991 solam
300 926 342 992 ob
370 923 455 994 heuo
484 949 633 1007 causam,
663 926 749 1017 quod
781 949 844 992 uon
879 929 981 994 adsint
1017 928 1093 995 telos
1121 951 1158 994 ex

172 1032 327 1097 sententia
363 1033 442 1099 Jesu
476 1045 509 1100 et
542 1031 789 1123 Apostolorum,
823 1033 877 1100 sed
909 1033 1005 1099 modo
1026 1057 1063 1100 ex
1087 1033 1156 1101 aeri

172 1131 267 1224 hujus
298 1137 432 1232 istiusce
456 1138 624 1227 opinione,
661 1137 804 1227 adeoque
839 1161 902 1204 non
938 1139 1157 1207 obtrudendas
1196 1159 1207 1179 ·

68 1328 73 1336 .
171 1241 375 1330 Dogmeticee
399 1240 605 1336 Christianae.

148 1415 149 1420 ,
219 1346 288 1412 Hac
307 1369 382 1412 vero
400 1347 522 1412 ratione
542 1347 567 1412 si
589 1345 762 1436 procedas,
786 1327 897 1436 sponte
918 1347 950 1411 in
971 1346 1077 1414 oculos
1095 1347 1157 1413 tibi

174 1445 334 1531 incurritj
366 1451 399 1516 in
431 1452 616 1543 Dogmatiea
650 1449 827 1518 Christiane
849 1451 894 1517 sic
914 1475 979 1518 esse
1001 1452 1157 1543 egendum

177 1553 217 1620 de
250 1555 408 1643 mysteriis
437 1557 471 1621 in
498 1555 652 1648 religione
690 1554 890 1637 Christiane,
928 1569 963 1622 ut
991 1557 1158 1646 inquiras,
1258 1635 1264 1656 ,ἁ

178 1681 332 1747 quaenam
366 1661 428 1726 sint
454 1662 603 1748 mysteria
624 1684 660 1726 er
677 1655 789 1726 ‹m'ente
807 1661 885 1728 Jesu
906 1662 1036 1750 ejusque
1059 1663 1161 1750 Apos-

175 1764 335 1845 tolorum,
357 1779 423 1832 tum
446 1767 549 1855 quoad
571 1767 672 1856 ipsam
695 1765 780 1832 vocis
806 1765 947 1854 mysterii
972 1765 1158 1848 notionem,

176 1881 244 1936 tum
267 1869 444 1959 quoad'res
467 1894 504 1936 ee
525 1894 602 1937 roce
625 1871 827 1960 significatas.

220 1975 262 2052 lt
291 1974 341 2040 rel
371 1975 416 2041 sic
445 1989 548 2042 tamen
588 1976 719 2040 minime
745 1974 893 2042 illicitum
915 1997 980 2040 esse
1000 1995 1162 2040 censemus

179 2077 385 2162 Christianis,
422 2103 489 2147 rom
520 2078 602 2146 benc
632 2079 780 2160 illamve,
815 2079 937 2144 etiamsi
964 2101 1028 2144 non
1048 2079 1162 2144 adeso

138 2185 141 2191 ’
180 2186 310 2273 ejusque
331 2184 490 2274 Apostolis
510 2185 549 2250 sit
572 2184 656 2250 dicta
677 2184 861 2270 mysterium
875 2180 1162 2272 ,hacroceappel-
1218 2235 1222 2244 .

177 2288 255 2356 lare.
302 2289 396 2354 Hisce
430 2289 515 2355 enim
551 2287 627 2354 licet
659 2312 708 2354 res
742 2288 774 2352 in
806 2287 958 2378 religione
983 2286 1162 2353 Christiana

175 2409 266 2457 autea
291 2392 508 2474 absconditas,
544 2416 625 2483 quae
649 2395 715 2481 jem
742 2415 776 2458 re
796 2405 828 2458 et
851 2393 936 2457 lecto
958 2391 1083 2473 adsint,
1106 2403 1161 2457 eut

174 2493 326 2562 hactenus
360 2499 578 2579 absconditas,
609 2521 691 2585 quae
722 2497 837 2563 deiude
869 2509 956 2562 certo
988 2498 1050 2562 sint
1072 2495 1162 2562 edlu-

174 2614 265 2668 turae
277 2650 287 2684 ,
321 2602 481 2692 appellere
512 2607 672 2692 mysterio
684 2627 699 2686 ;
731 2615 762 2668 et
791 2602 828 2666 iis
854 2600 1010 2668 nonlicet
1040 2611 1163 2688 myste-

174 2709 262 2771 rium
291 2729 442 2797 usurpare
465 2709 620 2776 derebus
644 2707 873 2774 abscondendis
893 2719 947 2772 eut
974 2729 1037 2772 non
1067 2704 1162 2772 intel·

173 2801 329 2900 ligcndis‚
356 2800 484 2905 quippe*
506 2837 587 2904 quae
611 2813 782 2903 appellatio
801 2811 1026 2877 vocabulorum
1047 2833 1160 2891 usum,

77 2975 80 2982 .
174 2939 269 3006 quem
304 2920 450 3008 Magister
483 2941 564 2984 unus
586 2921 716 3008 ejusque
742 2914 896 3006 Discipuli
915 2916 1060 3006 primarii
1082 2939 1158 2982 san-

174 3035 310 3102 xerunt,
333 3046 460 3112 prorsus
482 3025 607 3094 evertit.

221 3130 452 3217 Argumentum
491 3152 588 3218 porro
624 3127 824 3218 Dogmeticcs
845 3125 989 3192 universe
1018 3126 1043 3192 si
1065 3149 1160 3216 speon-

174 3244 246 3313 tes,
281 3234 440 3322 putandus
475 3247 522 3302 est
553 3234 640 3300 locus
677 3235 717 3300 de
747 3232 902 3321 mysteriis
925 3233 985 3298 rite
1009 3243 1161 3298 tractatus

174 3334 236 3402 hoc
258 3339 398 3432 pretium
423 3339 556 3420 efferre,
581 3339 663 3428 quod
688 3339 847 3405 rarissime
871 3337 911 3403 ob
935 3337 1041 3403 oculos
1062 3347 1161 3428 ponat
1213 3398 1215 3402 .

178 3442 318 3523 dumne,
344 3467 426 3532 quae
445 3443 634 3534 Theologiae
655 3443 851 3511 Christianae
874 3443 936 3520 sint
951 3455 1024 3508 nate
1043 3455 1075 3507 et
1096 3463 1158 3506 non

174 3546 294 3636 possint
331 3571 394 3612 non
428 3549 514 3616 nesci
561 3573 597 3616 er
629 3573 665 3616 ea
689 3549 802 3640 agendi
833 3547 1100 3636 ratione,1quem
1125 3545 1158 3610 in

174 3651 318 3718 Ecclesia
342 3651 521 3720 Christiana
543 3655 677 3721 vidimus
696 3675 849 3744 regnasse.
895 3652 1024 3720 Summe
1045 3672 1160 3740 nempe
1204 3722 1212 3734 ¹

174 3779 235 3846 ope
265 3779 363 3846 quum
387 3781 496 3824 omnes
517 3763 736 3848 cujuscunque
759 3758 923 3824 doctrinae
945 3755 1081 3822 cultores
1099 3755 1159 3822 niti

173 3859 285 3942 decet,
310 3874 345 3927 ut
365 3863 517 3929 continuo
537 3865 637 3954 magis
660 3864 699 3929 ad
722 3863 887 3928 veritatem
907 3861 1076 3940 accedant,
1096 3857 1158 3926 hoc

175 3987 301 4056 quoque
333 3965 498 4032 consilium
521 3969 582 4034 sibi
604 3981 783 4060 proponent
807 3989 932 4034 necesse
955 3979 1001 4032 est
1023 3965 1159 4055 quicun-

179 4092 243 4160 que
263 4068 452 4162 Theologiae
475 4071 671 4140 Christianae
689 4072 894 4164 exponendae
910 4093 975 4139 sese
994 4070 1157 4142 addicunt.

177 4178 220 4242 At
243 4174 409 4243 eonsilium
435 4175 497 4244 hoo
518 4178 673 4270 attingere
696 4190 857 4269 nequeunt
869 4227 879 4260 ,
899 4177 925 4242 si
942 4176 1084 4264 mysterii
1095 4198 1160 4244 uo·
