2938 5080
621 509 668 582 53

149 767 205 810 mo
240 757 287 811 est
311 744 360 810 de
393 745 503 810 eadem
534 743 765 834 patefactione,
801 765 883 832 quae
906 744 1042 811 adventu
1070 746 1133 811 tto·

145 849 227 914 mini
259 851 335 917 lesu
370 847 488 916 Christi
519 849 624 914 locum
659 849 699 914 sit
723 845 894 929 habitura,
926 861 1043 940 etqua
1067 847 1131 939 (uti

145 953 245 1019 insius
269 954 461 1020 describitur
484 978 527 1024 rs.
555 956 613 1042 12)
631 953 860 1042 judicabuntur
884 952 930 1018 illi
956 955 1041 1044 ipsi,
1073 953 1130 1042 qui

144 1059 272 1124 veritati
305 1081 367 1123 non
399 1058 594 1126 credideriut
628 1071 660 1124 et
692 1057 841 1124 delectati
865 1058 926 1123 sint
949 1071 987 1147 τῇ
1009 1062 1128 1148 ἀδικίᾳ.

144 1163 193 1228 lte
223 1161 273 1228 his
297 1162 387 1228 nobis
410 1185 481 1228 cnm
505 1185 688 1254 persuasum
712 1163 773 1242 sit,
807 1161 930 1228 facilius
953 1176 999 1230 est
1022 1164 1061 1229 de
1085 1185 1127 1226 rs.

144 1273 188 1348 7,
213 1267 250 1332 ad
264 1261 373 1358 'quem
396 1269 555 1354 redimus,
576 1269 737 1358 judicium
761 1268 858 1338 ferre.

190 1373 261 1440 Non
284 1395 361 1463 opns
383 1375 468 1440 eninr
491 1374 559 1440 lere
575 1397 647 1458 ,essa
661 1373 808 1453 ridetur,
831 1375 1016 1456 observare,
1039 1396 1126 1458 rem,
1239 1367 1243 1381 '

129 1483 240 1567 ‘quam
263 1474 320 1542 hlc
343 1477 408 1567 agit
431 1477 569 1558 Paulus,
594 1500 702 1543 revera
726 1475 887 1566 pertinere
908 1477 946 1542 ed
974 1477 1127 1566 disquisi-

146 1583 261 1649 tionem
296 1596 457 1666 nostram,
491 1583 576 1674 quod
597 1595 673 1648 'nou
705 1583 750 1648 ita
775 1597 840 1648 esse
866 1583 1004 1648 fortassis
1024 1584 1129 1673 primo

148 1687 259 1754 obtutu
294 1685 407 1754 haberi
433 1687 541 1777 possit.
592 1690 666 1778 Agit
686 1687 770 1754 enim
793 1686 960 1776 Apostolus
985 1687 1024 1752 de
1045 1711 1129 1776 per·

146 1797 303 1860 versitate
332 1797 368 1857 in
406 1794 563 1859 Ecclesia
587 1793 806 1876 Christiana,
845 1791 909 1856 sire
930 1792 1027 1880 magis
1049 1793 1126 1856 uni·
1155 1853 1160 1862 ,

130 1896 253 1978 ινθῐεειΗ
269 1947 278 1976 ,
296 1898 361 1963 sire
382 1897 423 1963 iu·
437 1897 596 1964 nonnuliis
612 1879 801 1988 quibusdam
817 1910 870 1962 out
886 1896 1036 1987 singulari
1048 1919 1129 1985 qno·

149 2000 219 2068 dam
238 2000 417 2068 Christiano
430 1990 674 2092 conspicienda,
697 2025 778 2092 quae
795 2001 1129 2092 graviterjudicandc

153 2104 193 2170 sit
218 2111 428 2195 apparitione
457 2108 596 2172 Domini
616 2108 701 2174 Jesu
726 2109 871 2176 Christi.
904 2117 906 2124 '

196 2210 265 2298 ipso
285 2209 336 2276 illo
355 2233 445 2277 versu
469 2219 487 2279 7
514 2213 669 2278 rationem
693 2212 799 2278 reddit
822 2233 960 2291 eorum,
982 2232 1063 2300 quae
1083 2233 1126 2276 rs.

151 2314 353 2402 praecedente
387 2316 508 2382 dixerat
540 2316 579 2383 de
602 2341 662 2396 eo,
692 2316 778 2406 qnod
803 2313 968 2404 hucusque
995 2314 1130 2403 impedi·

148 2433 198 2498 at,
230 2421 396 2508 quominus
426 2419 521 2486 homo
550 2421 673 2511 peccati
698 2433 777 2485 caet.
801 2421 868 2507 jam
892 2441 977 2484 nunc
998 2419 1038 2483 sit
1066 2442 1127 2509 pa-

147 2521 287 2591 tefactus.
335 2525 462 2594 Etenim
487 2527 554 2617 ipsc
575 2529 711 2624 affirmat
730 2527 798 2613 jam
820 2525 945 2614 operari
968 2529 1129 2610 τὸμυστή-

144 2656 209 2714 ριον
231 2642 284 2714 τῆς
308 2635 464 2717 ἀνομίας,
498 2635 545 2698 sin
582 2631 677 2697 modo
708 2653 726 2696 e
752 2628 857 2694 rnedio
883 2641 962 2694 esset
987 2628 1128 2696 sublatus

143 2733 281 2800 retinens
306 2733 381 2817 ille;
408 2760 471 2826 quo
495 2737 626 2802 sublato
642 2737 808 2826 patefieret
832 2733 1016 2802 certissime.

185 2841 274 2906 llaec
297 2841 395 2930 igitur
419 2845 536 2927 inopia
561 2839 754 2920 adltucerat
777 2849 957 2924 μυστήριον.
995 2840 1128 2926 Atque·

142 2945 202 3010 rel
250 2943 321 3010 Non
333 2995 343 3025 ,
378 2946 453 3034 quia
476 2968 545 3012 eam
567 2945 733 3010 affuturam
757 2965 822 3008 esse
845 2941 1129 3008 Thessalonicenses

140 3047 282 3130 latebat,
317 3051 434 3116 etenim
462 3049 524 3118 hoc
542 3054 609 3140 jam
631 3049 743 3132 Paulus
766 3048 804 3112 iis
826 3045 951 3112 abunde
974 3068 1126 3134 exposue-

139 3166 199 3223 rat.
250 3157 312 3234 rit,
348 3155 422 3243 quia
452 3155 592 3222 noudum
622 3154 767 3220 adesset?
814 3153 886 3219 Non
913 3151 979 3232 ite;
1014 3149 1127 3217 Paulus

139 3259 227 3324 enim
262 3259 398 3326 affirmat
427 3257 510 3326 hanc
533 3263 671 3346 sinopici
696 3261 764 3348 jam
787 3256 936 3347 operari,
970 3257 1123 3346 proprie:

137 3367 231 3428 eires
251 3367 411 3453 colligere
422 3413 432 3443 ‚
457 3364 609 3432 hactenus
628 3365 727 3454 igitur
743 3366 809 3450 jam
833 3362 950 3429 adesse.

183 3469 230 3534 At
262 3491 311 3534 res
341 3491 377 3534 cx
402 3469 491 3536 Pauli
513 3483 619 3536 mente
642 3470 714 3534 ideo
734 3465 838 3550 adhuc
861 3479 907 3532 est
930 3466 1123 3551 μυστήριον,

139 3571 214 3661 quia
244 3573 387 3638 nondum
406 3556 491 3640 facto
512 3574 603 3654 talis,
638 3571 740 3662 qualis
763 3593 870 3636 revera
894 3583 973 3635 esset
994 3569 1123 3648 indura,

87 3729 89 3736 ,
138 3691 349 3766 apparuerat,
370 3681 511 3746 nondum
534 3681 573 3745 ad
597 3679 684 3744 hunc
707 3689 854 3742 eventum
870 3677 993 3764 justum
1008 3676 1133 3741 adesset

140 3792 286 3871 tempus,
309 3791 326 3852 o‘
347 3793 473 3870 καιρός,
498 3809 542 3854 rs.
567 3790 599 3854 6.
647 3783 774 3850 Etenim
799 3782 940 3870 quamvis
959 3781 1064 3846 adesse
1078 3781 1128 3844 in-

141 3884 345 3976 ciperet(l),
367 3887 566 3979 aliquatenus
586 3911 661 3980 ergo
676 3891 744 3977 jam
768 3886 907 3966 adesset,
932 3901 1036 3952 tamen
1057 3908 1127 3950 eam

145 4094 259 4113 m

176 4215 218 4284 (l)
257 4219 387 4274 decorate
398 4221 451 4278 hoc
457 4226 580 4295 exprimit
590 4203 672 4280 verrio
682 4225 814 4279 Gallicana
825 4245 832 4278 π
853 4225 892 4294 (u)
905 4241 930 4274 aa
943 4231 990 4274 mat
1003 4240 1033 4273 en
1046 4225 1125 4274 troia.
