2958 5096
627 449 697 525 139
745 565 748 571 Ι

162 703 221 773 pus
243 695 275 752 et
297 683 462 776 proprium
485 681 667 776 emguiuem
692 683 843 756 obruor
867 684 1074 778 spiritualiter
1087 709 1146 778 per
1175 711 1181 722 “

163 787 259 858 fidem
283 788 503 880 manducari),
527 813 590 860 uon
612 791 720 882 potuit
744 814 829 873 uon,
853 792 933 882 quin
956 789 1017 860 hae
1040 791 1145 882 opini-

164 914 262 974 ones,
298 894 402 984 quood
437 917 506 964 rem
540 908 706 978 nostram,
740 897 867 966 eosdem
903 896 970 964 lere
993 894 1148 968 haberent

165 999 305 1070 effeetus.
352 1001 493 1092 Namque
516 1025 545 1072 r.
570 1025 598 1071 c.
623 1025 685 1070 uon
702 1003 812 1094 potuit
835 1025 898 1070 nou
921 1002 1147 1092 sugererlpos-

167 1103 305 1170 telorum
336 1119 488 1199 captum,
524 1107 683 1196 quomodo
714 1109 806 1178 desua
832 1106 997 1188 Christus,
1032 1107 1089 1196 qui
1112 1106 1151 1177 its

167 1207 309 1292 adesset,
340 1209 452 1280 eodem
477 1211 628 1300 temporis
651 1224 771 1302 puncto
784 1262 793 1294 ,
819 1211 860 1282 ab
884 1212 959 1303 ipsis
981 1233 1078 1280 manu
1101 1223 1150 1276 te-

167 1325 296 1380 neretur
318 1325 350 1380 et
373 1314 592 1384 comederetur
614 1315 872 1384 substantialiter.
920 1315 1042 1385 nodam
1056 1313 1152 1384 modo

168 1439 220 1490 eos
250 1418 359 1507 lugere
389 1419 524 1500 debuit,
558 1419 717 1510 quomodo
748 1422 841 1492 tasas
864 1419 1072 1512 spiritualiter
1096 1419 1152 1490 ad-

167 1534 248 1594 esset
278 1523 312 1588 in
340 1547 423 1614 pane
446 1537 478 1598 et
501 1524 595 1596 rino:
627 1545 700 1595 nana
724 1525 795 1594 talis
818 1525 1075 1594 commutationis
1098 1523 1153 1594 dut

168 1627 365 1719 praesentiae
392 1651 432 1698 ne
453 1628 585 1698 minima
608 1630 736 1720 quidem
758 1631 915 1700 observari
939 1628 1045 1719 potuit
1067 1649 1151 1720 pars.

215 1730 461 1818 concludimus,
492 1739 685 1826 originem,
719 1759 782 1825 qno
812 1736 999 1825 mysterium
1029 1735 1069 1802 sit
1094 1731 1152 1802 he·

169 1837 273 1904 bitum
306 1861 356 1904 res
393 1862 467 1924 non⁴
492 1839 719 1946 intelligenda,
758 1841 862 1931 quoad
898 1838 1154 1916 Eucharistiam,

169 1947 271 2011 eitam
289 1967 360 2024 esse
370 1949 406 2012 in
418 1945 576 2011 doctrine
588 1947 840 2014 Ecclesiastiod
847 1948 1008 2040 vulgari,
1035 1941 1155 2038 quippe

169 2070 252 2139 quae
285 2046 325 2120 de
357 2049 393 2114 aa
419 2033 627 2120 obustituerat
656 2049 753 2130 talia,
784 2050 927 2140 quoeab
952 2049 1153 2139 amalperto

173 2152 417 2244 intelligentiam
438 2153 626 2221 excederent
647 2153 829 2222 humanum.

616 2360 636 2446 ς
664 2360 718 2422 aa.

221 2512 388 2580 Videamus
419 2513 459 2580 de
480 2513 779 2585 Praedestinntlone.
830 2514 916 2581 llaec
938 2533 1029 2580 sensu
1053 2511 1156 2578 ecole-

171 2611 298 2686 siastico
329 2617 393 2685 hue
424 2619 526 2690 redit:
575 2621 677 2688 Deum
693 2607 740 2688 'er
760 2631 829 2686 toto
852 2641 967 2710 genere
991 2615 1155 2696 humano,

171 2745 232 2816 per
259 2724 371 2798 adami
399 2738 565 2815 peccatum
588 2739 738 2816 corrupto
762 2737 794 2792 et
815 2723 959 2810 infelici,
990 2720 1169 2824 nonnullos¹

171 2825 349 2904 extrahere,
369 2829 523 2918 perniciei
561 2827 637 2896 huic
671 2829 892 2912 constituisse,
925 2825 1011 2891 nulla
1039 2825 1156 2894 horum

174 2933 299 3000 ratione
322 2932 432 3000 habita
456 2955 611 3024 operum,
639 2947 778 3000 caeteros
799 2953 873 2999 rero
898 2933 930 2997 in
943 2930 1003 2995 hac
1016 2929 1159 3022 pernicie

173 3037 278 3108 sinere
310 3061 497 3126 remanere,
527 3039 561 3104 in
593 3025 700 3132 quam'
721 3061 753 3104 se
778 3037 838 3130 ipsi
861 3035 1158 3126 immerserunt(l).

215 3315 257 3386 (1)
291 3313 332 3368 Gi.
354 3313 468 3386 cesssare.
485 3311 597 3386 Baloion.
615 3309 684 3366 XVI·
706 3307 820 3368 &roms
832 3307 898 3380 Syn.
910 3307 1085 3365 Dordruoerrua
1098 3305 1162 3378 cap.

176 3402 200 3456 Ι.
223 3399 286 3458 can.
303 3400 360 3456 vu.
379 3414 520 3454 enormem
534 3400 591 3472 jam
608 3396 774 3466 praeiverat,
799 3389 934 3458 dicendo,
960 3391 997 3445 De
1015 3403 1121 3462 sumpt.
1139 3401 1165 3445 et

172 3492 277 3560 qratia,
295 3502 320 3540 ο.
337 3485 370 3542 Χ.
389 3485 434 3538 28.
454 3483 523 3556 opp.
541 3481 573 3534 'l'-
592 3479 624 3534 X.
644 3481 673 3536 Ρ.
694 3481 719 3534 l.
740 3479 843 3548 arod
858 3477 979 3530 A.e.l.r
998 3476 1165 3546 »Quia‘rero

180 3567 323 3640 tammus)
344 3585 392 3644 per
410 3565 523 3620 liberum
541 3563 682 3620 arbitrium
700 3565 788 3618 Deum
805 3561 941 3627 deseruit,
964 3562 1070 3634 justum
1086 3558 1166 3632 judi-

177 3652 251 3711 cium
276 3653 326 3711 Dei
351 3659 475 3726 expertut
500 3658 554 3722 eat,
583 3656 613 3702 ut
639 3665 702 3700 oum
720 3655 776 3700 tota
794 3663 840 3700 aua
858 3646 958 3714 stirpe,
986 3662 1054 3721 qnae
1073 3645 1101 3697 in
1119 3645 1166 3700 illo

175 3737 268 3798 adbuc
285 3739 371 3813 posita
388 3745 443 3792 tota
460 3755 523 3794 oum
539 3736 585 3793 illo
604 3741 780 3808 permearat,
803 3729 987 3788 damnaretur.
1028 3732 1168 3802 Quotquot

173 3824 251 3881 euim
268 3840 300 3880 ox
316 3822 367 3879 bac
384 3825 467 3896 stirpe
485 3823 569 3893 gratia
585 3821 634 3875 Dei
652 3817 802 3874 liberantur
810 3857 820 3884 ,
848 3834 864 3872 a
881 3813 1053 3872 damnatione
1072 3815 1166 3890 utique

177 3907 348 3975 liberantur,
374 3925 427 3982 qua
448 3909 507 3987 jam
533 3913 660 3960 tenentur
677 3901 810 3958 obstricti.
846 3899 922 3958 Unde
939 3903 1020 3955 etiam
1038 3900 1060 3954 ai
1079 3899 1167 3952 nullus

180 3991 362 4060 liberaretur,
385 3994 489 4064 juratum
515 3991 564 4042 Dei
585 3985 723 4064 judicium
749 4003 827 4041 nemo
841 3989 914 4058 juste
932 3981 1168 4058 reprehenderet?

179 4074 256 4133 ldem
274 4084 363 4156 postea
381 4076 487 4150 repetiit
503 4092 632 4141 oramus,
652 4073 741 4128 Imtit·
754 4073 802 4130 lli·
819 4071 887 4128 XXI.
900 4074 933 4126 b:
961 4066 1167 4136 al’raedeatinaq

182 4161 284 4215 tionem
308 4177 430 4214 vocamur
451 4166 590 4232 aeternum
608 4155 656 4212 nai
675 4153 833 4228 decretum,
860 4173 914 4230 quo
931 4152 1004 4228 apud
1021 4171 1048 4210 se
1067 4153 1170 4208 consti-
