2938 5080
691 803 848 912 cirus
877 843 935 912 11.

390 1001 607 1101 Eoposss'twr
633 1001 818 1075 Jolossnls
848 1001 1016 1100 Apostoli
1040 1005 1232 1074 smtents‘o.

766 1193 785 1276 §
812 1191 864 1254 19.

697 1322 798 1410 Apoc.
824 1321 852 1388 1.
877 1324 931 1386 20.

325 1470 378 1542 Τὸ
407 1474 619 1567 μυστήριον
651 1479 730 1544 τῶν
762 1469 855 1544 insol
886 1469 1057 1568 ἀστέρων
1070 1522 1080 1558 ,
1120 1457 1176 1542 ὧν
1208 1461 1305 1553 εἶδες

370 1581 432 1656 ἐπὶ
461 1594 528 1673 τῆς
552 1580 683 1670 δεξιᾶς
706 1610 802 1675 μου,
829 1586 898 1656 καὶ
922 1583 994 1667 τὰς
1020 1567 1112 1656 iussi
1136 1583 1303 1676 λυχνίας

367 1695 439 1780 τάς
463 1703 625 1792 χρυσᾶς.
669 1695 722 1770 Οἱ
741 1697 833 1768 ἑπτά
852 1696 1025 1791 ἀστέρες,
1051 1696 1207 1794 ἄγγελοι
1225 1702 1302 1768 τῶν

368 1807 460 1880 ἑπτά
483 1809 691 1896 ἐκκλησιῶν
715 1808 804 1880 εἰσι·
829 1810 899 1882 καὶ
923 1818 971 1882 αἱ
995 1809 1087 1880 ἑπτά
1112 1808 1299 1901 λυχνίαι,

368 1919 462 2014 ἱστοὶ
488 1920 684 2008 ἐκκλησίαι
708 1920 794 1994 εἰσί.
1164 1910 1170 1922 ’

365 2070 451 2156 Quae
472 2069 535 2137 vhoc
558 2097 598 2140 vs.
623 2071 722 2154 dicit,
747 2073 807 2163 ipsi
829 2085 918 2138 erant
943 2073 1129 2154 scribenda,
1153 2072 1238 2161 qnod
1254 2071 1300 2136 in·

321 2175 407 2241 dicat
436 2200 479 2243 rs.
506 2181 559 2244 19.
615 2178 687 2244 Jam
719 2201 815 2258 seso,
846 2177 893 2242 uti
918 2201 953 2243 er
974 2177 1238 2268 praecedentibus
1258 2175 1299 2240 li·

317 2293 416 2368 quet,
458 2281 578 2346 viderat
618 2281 786 2371 Apostolus
828 2283 931 2371 ipsum
972 2284 1083 2348 lesum
1117 2280 1293 2358 Christum,

316 2397 451 2450 stantem
475 2387 558 2450 inter
579 2400 699 2476 septem
722 2387 911 2453 candelabra
924 2437 933 2468 ,
959 2401 990 2452 et
1012 2411 1107 2452 manu
1129 2399 1299 2476 gestantem

315 2503 435 2578 septem
459 2491 573 2557 stellas.
623 2493 692 2556 Hoc
716 2493 816 2556 visum
841 2493 899 2582 ipsi
924 2505 991 2558 erat
1009 2503 1199 2578 μυστήριον,
1223 2513 1300 2582 qua·

315 2607 406 2658 tenus
430 2616 543 2684 nempe
566 2595 643 2683 qnid
666 2596 880 2684 significaret,
907 2596 966 2685 ipsi
990 2610 1068 2662 esset
1092 2597 1299 2664 reconditum.

314 2700 385 2764 Hoc
410 2711 578 2786 μυστήριον
603 2721 676 2764 reso
701 2701 768 2788 ipse
791 2702 883 2766 lesus
907 2699 1050 2766 Christus
1072 2701 1133 2766 sibi
1156 2702 1187 2766 in
1208 2700 1302 2790 plens

314 2802 388 2868 luce
418 2803 530 2892 ponit,
564 2804 722 2892 explicans
745 2805 800 2884 id,
835 2806 920 2894 qnod
945 2817 1013 2871 erat
1036 2806 1236 2872 reconditum
1259 2805 1300 2870 de

317 2922 436 2998 septem
474 2909 535 2973 illis
572 2907 792 2990 candelabris,
827 2907 907 2976 haec
940 2934 1053 3000 nempe
1086 2934 1150 2976 esse
1181 2921 1300 3000 septem

218 3035 221 3042 ⁴
316 3013 469 3082 Ecclesias
494 3014 682 3100 (Asiaticas,
707 3037 839 3104 quarum
864 3016 992 3080 nomina
1016 3039 1087 3081 mox
1111 3015 1277 3105 recenset).

362 3118 512 3184 Videmus
544 3119 662 3207 igitur,
699 3143 735 3184 er
766 3117 922 3186 lobannis
954 3133 1059 3186 mente
1091 3126 1125 3188 ssi
1152 3130 1299 3207 μυςήρισν

195 3251 205 3268 ·
315 3220 349 3291 h.
375 3221 398 3292 l.
431 3245 496 3288 esse
528 3245 597 3287 rem
628 3224 833 3309 reconditam
854 3247 890 3288 eo
910 3246 1029 3314 usque,
1061 3247 1124 3314 quo
1144 3229 1180 3288 s'ss
1196 3227 1299 3316 pleno

310 3331 426 3415 posita
449 3337 498 3392 est
521 3331 603 3394 luce.

315 3493 430 3512 κ

314 3583 440 3638 aeterna,
459 3571 505 3628 se'd
523 3589 594 3626 nunc
613 3573 774 3642 patefactam
794 3591 842 3642 per
859 3575 1050 3647 apparitionem
1062 3573 1203 3627 &materis
1215 3571 1297 3624 nostri

313 3659 375 3712 Jesu
403 3657 520 3723 Christi,
544 3661 591 3731 qul
602 3661 619 3685 ’'
636 3667 703 3711 eset·
742 3660 790 3710 tno
807 3659 891 3728 igitur
909 3658 1083 3712 disertissimis
1104 3657 1188 3711 vorbis
1206 3654 1297 3724 expri-

315 3741 364 3796 mit
394 3745 554 3815 Apostolus,
584 3747 744 3814 oppors'ts'ono
770 3744 831 3797 Jasss
862 3743 959 3796 Chresti
983 3741 1112 3814 (adeoquo
1136 3757 1164 3794 rs
1180 3743 1207 3794 in
1225 3741 1298 3793 lacto
1368 3797 1371 3812 Ι

313 3827 411 3898 posite)
441 3833 597 3898 potssootom
623 3847 679 3881 esse
702 3827 836 3898 gratiam,
862 3837 939 3879 antea
958 3826 1033 3880 uobis
1050 3826 1206 3880 destinatam
1221 3825 1298 3890 iasii.

313 3911 358 3978 t„
378 3938 412 3950 -
428 3911 591 3980 patefactum
610 3931 665 3966 esse
683 3913 823 3966 consilium
841 3910 916 3965 illud.

349 3997 418 4050 llaec
435 3997 518 4068 igitur
536 4000 611 4062 loca,
631 4009 715 4070 quum
732 4005 809 4049 antes
829 4013 844 4048 a
863 3997 939 4050 nobis
955 3995 1028 4050 dieta
1047 4013 1127 4068 quam
1141 3993 1299 4048 maximeil*

313 4082 445 4150 lustrent,
464 4083 517 4136 imo
533 4083 595 4156 ipsis
614 4099 696 4155 paena
715 4081 819 4147 serbis,
838 4081 935 4153 quibus
959 4099 1006 4134 uos
1026 4084 1063 4134 usi
1076 4097 1185 4150 sumus,
1207 4079 1299 4149 aspri-

276 4221 282 4236 s
315 4175 388 4218 mant
410 4185 463 4220 rem
486 4175 643 4233 tractatam,
666 4183 717 4219 non
741 4165 856 4219 inaniter
876 4165 1000 4220 sidentur
1018 4165 1118 4219 addita.
