2938 5080
621 499 668 574 2⁷

613 739 688 836 sn·

487 863 501 930 l
527 858 601 928 Gor.
626 861 670 930 Π.
696 865 738 941 ’1,
768 864 820 929 10.

152 989 267 1063 ’Atta
284 988 474 1085 λαλοῦμεν
493 991 640 1080 σοφίαν
656 987 749 1059 Θεοῦ
768 984 811 1058 ἐν
827 990 1045 1082 μυστηρίῳ,
1071 988 1140 1074 τὴν

93 1129 96 1136 ’
200 1102 560 1200 ἀποκεκρυμμένην,
592 1101 641 1186 ἣν
669 1099 879 1196 προώρισεν
904 1097 925 1172 ὁ
953 1099 1046 1182 Θεὸς
1070 1095 1141 1194 πρὸ

198 1223 279 1289 τῶν
310 1215 492 1300 αἰώνων,
525 1209 582 1296 εἰς
613 1207 737 1300 δόξαν
766 1217 894 1310 ἡμῶν,
931 1215 1025 1307 ἡμῖν
1050 1206 1141 1293 δὲῦ

202 1330 296 1417 Θεὸς
325 1325 539 1418 α’πεκάλυψε
570 1320 639 1398 δια
672 1329 741 1398 τοῦ
767 1325 984 1420 πνεύματος
1008 1325 1137 1398 αυτοῦ.

196 1505 282 1575 ΗΛ.
304 1507 445 1597 primum
475 1503 726 1594 inquirendum,
752 1503 830 1600 quid
858 1525 894 1570 cr
923 1503 1013 1571 Pauli
1034 1515 1141 1570 ments

150 1609 191 1677 sit
221 1614 314 1694 σοφία
344 1610 398 1677 illa
433 1615 525 1681 Θεοῦ.
572 1607 631 1676 Ilia
657 1613 751 1694 σοφία
786 1614 864 1678 Θεοῦ
889 1608 987 1676 ΡοοΙο
1007 1619 1053 1676 εει
1074 1607 1142 1696 ipsc

148 1716 241 1796 Jcsus
266 1714 409 1783 Christus
421 1765 430 1796 ‚
457 1718 503 1782 uti
526 1715 594 1806 ipsc
618 1714 742 1781 disertis
763 1715 867 1782 verbis
876 1714 1020 1781 enuntiat
1034 1713 1061 1781 l.
1075 1715 1140 1794 23,

150 1825 194 1886 ut
217 1819 285 1908 (ott.
308 1825 352 1901 6,
378 1823 457 1910 17),
484 1820 540 1886 ubi
563 1819 663 1889 dicit:
690 1842 776 1886 »nos
795 1819 1014 1910 praedicamus
1029 1817 1141 1885 Jcsum

149 1923 313 1992 ohrisru-
335 1927 424 1992 cruci
446 1925 734 2008 affixum,Judacis
746 1925 875 2016 quidem
891 1921 1141 2002 offendiculum,

84 2041 89 2050 “
151 2030 345 2118 Graecisque
380 2029 570 2110 stultitiam,
605 2029 681 2120 ipsis
714 2053 789 2096 vcro
812 2030 930 2096 vocatis
952 2026 1084 2096 Judacis
1108 2038 1141 2092 ct

153 2134 285 2202 Graccis
316 2132 495 2216 Christum,
530 2135 587 2202 uei
611 2135 674 2200 sim
699 2147 732 2202 et
753 2135 813 2202 tter
834 2135 1021 2226 sapientiam
1035 2140 1056 2168 '⁹
1070 2131 1138 2220 (1).

151 2237 243 2304 Idem
264 2251 372 2328 patet,
396 2240 422 2305 si
445 2241 628 2308 conferatur
647 2263 692 2309 rs.
718 2245 781 2308 30:
808 2262 878 2306 »cr
901 2240 970 2330 ipso
992 2261 1067 2304 acro
1085 2259 1139 2302 ros

148 2341 224 2407 cstis
251 2342 284 2408 iu
309 2341 435 2411 Christo
454 2346 554 2427 Jcsu‚
579 2345 636 2434 qui
656 2344 758 2410 factus
777 2355 824 2410 est
847 2344 939 2411 nobis
960 2347 1053 2430 copia
1076 2347 1140 2410 ἀπὸ

148 2449 275 2522 Θεοῦ.”
299 2477 329 2516 κ.
353 2477 384 2516 τ.
411 2450 441 2519 λ.
466 2487 512 2500 -
535 2449 623 2517 Idam
649 2448 877 2528 confirmatur,
901 2447 927 2513 si
949 2446 1140 2538 inspiciatur

146 2550 200 2632 11,
225 2557 269 2635 2,·
300 2555 356 2620 ubi
389 2555 490 2637 dicit,
523 2577 555 2622 sc
586 2551 669 2620 nihil
698 2551 830 2619 rciuissc
858 2553 939 2618 scire
971 2553 1055 2622 inter
1075 2552 1141 2620 θο-

146 2654 301 2742 ¹muthius,
324 2659 385 2726 uisi
407 2660 518 2728 Jesum
539 2658 723 2740 Christum,
744 2671 776 2724 οι
787 2655 874 2724 hunc
888 2659 978 2723 cruci
988 2659 1138 2739 affixum,

147 2771 247 2850 qnare
269 2786 374 2854 nequa
396 2765 483 2830 aliud
505 2765 583 2854 qnid
607 2765 718 2852 λαλεῖν
741 2763 869 2852 potuit,
893 2785 938 2832 vs.
953 2769 985 2830 7.
1032 2763 1138 2830 Etiam

145 2863 394 2935 luculentissime
413 2867 475 2935 hoc
496 2882 609 2959 patet,
632 2868 749 2936 coliato
767 2867 862 2957 hujus
875 2891 944 2958 cap.
956 2891 1000 2938 rs.
1015 2873 1056 2948 8,
1081 2867 1138 2934 unt

145 2969 244 3041 dicit:
272 2999 292 3038 >›
306 2973 467 3038 neminem
489 2974 674 3064 principum
697 2972 791 3060 hujus
817 2973 934 3041 sacculi
957 2972 1138 3064 cognovisse

145 3075 331 3166 sapientiam
366 3076 473 3146 illam:
508 3077 628 3144 etenim
650 3079 675 3144 si
697 3078 931 3166 cognovissent,
959 3079 1046 3144 cruci
1071 3096 1135 3142 non

146 3181 313 3248 affixissent
343 3182 515 3248 Dominum
541 3181 695 3274 gioriac.''
752 3180 933 3250 commutat
953 3203 1028 3272 ergo
1052 3183 1137 3250 iuter

146 3307 179 3350 sc
207 3290 410 3376 sapientiam
433 3287 520 3354 iilam
542 3301 575 3356 ct
597 3288 723 3377 lesum!
735 3288 931 3370 Christum,
962 3289 1135 3356 Dominum

145 3388 274 3479 gloriae.

193 3493 275 3562 Gum
304 3494 421 3564 haecce
453 3503 569 3584 copta,
605 3521 700 3588 quam
722 3481 832 3578 λαλεῖ,
864 3495 932 3588 ipse
954 3497 994 3564 sit
1014 3498 1047 3566 J.
1075 3497 1135 3578 G.,

146 3596 219 3664 idco
254 3622 294 3666 uc
329 3623 384 3668 nos
417 3604 592 3686 miremur,
628 3604 759 3670 Paulum
792 3602 875 3668 hanc
905 3625 1030 3670 vocasse
1057 3609 1136 3674 Θεοῦ

141 3708 273 3789 μορίαν.
305 3705 474 3795 Dupliccm
497 3710 583 3775 enim
607 3707 703 3798 hujus
727 3709 773 3774 rei
794 3707 969 3774 invenimus
987 3731 1134 3792 causam3

146 3808 299 3890 alteram,
322 3811 429 3900 qaod,
455 3814 503 3879 uti
523 3816 747 3904 forescmpcr,
772 3813 859 3881 itaet
871 3811 926 3882 hic
938 3814 1050 3880 Pauius
1066 3839 1135 3883 eam

145 3915 330 4004 sapientiam
364 3931 488 4008 repetat
517 3921 647 4004 aneo,
681 3932 812 3984 auctore
835 3942 977 4000 summo,
1002 3921 1058 4008 qui
1080 3943 1136 3990 nus

144 4017 212 4106 ejus
245 4021 417 4112 participes
446 4023 545 4108 fecit;
584 4023 737 4109 alteram,
773 4047 907 4116 eamque
937 4026 1135 4116 graviorem,

184 4224 227 4293 (Ι)
267 4234 342 4282 Θεοῦ
363 4237 475 4295 σοφίαν.
