2938 5080
569 475 666 588 *ss

144 708 201 776 bat
233 707 344 776 Petrus
371 709 405 776 iu
432 731 471 776 ec
483 759 493 791 ‚
519 710 577 799 qui
598 709 668 778 loco
690 710 793 778 dudae
819 711 991 801 proditoris
1014 713 1047 780 in
1070 736 1131 778 nu·

142 835 270 880 merum
303 813 526 904 Apostolorum
555 829 721 884 vocaretur
737 817 801 903 (l).
847 818 946 907 Magis
969 819 1065 884 etism
1089 819 1131 884 its

142 915 225 986 haec
261 918 414 1008 periodus
446 942 518 986 cum
550 921 694 1010 sequenti
731 920 906 1003 cohaeret,
942 923 998 988 ubi
1019 945 1132 1012 nempe

143 1023 266 1092 mentio
297 1025 335 1090 fit
364 1025 608 1114 praedicationis
640 1027 721 1110 lesu
749 1023 868 1092 Christi
900 1040 933 1094 et
969 1027 1044 1094 fidei
1072 1026 1133 1116 ipsi

143 1127 285 1198 habitae.
332 1131 418 1198 llaec
455 1131 539 1198 enim
571 1145 641 1221 post
664 1134 733 1219 ejus
755 1131 1018 1200 resurrectionem
1042 1146 1074 1198 et
1098 1131 1134 1196 in

144 1233 250 1300 coelos
275 1233 458 1302 adscensum
483 1235 594 1304 locum
614 1234 776 1304 habehant
798 1251 830 1306 et
853 1238 915 1304 rim
941 1261 1028 1304 susm
1047 1260 1134 1304 erse·

144 1340 282 1420 rebant,
316 1339 453 1429 ideoque
486 1339 564 1408 heec
594 1343 697 1410 statim
726 1341 819 1408 simul
842 1343 1132 1431 memorentur(2).

192 1445 263 1512 Non
293 1444 506 1512 omittendum
526 1449 632 1514 sutem
655 1447 799 1527 ridetur,
824 1447 956 1514 Paulum
983 1447 1134 1537 temporis

147 1549 291 1616 ordinem
314 1550 348 1616 in
372 1551 514 1618 oratione
535 1575 589 1618 sua
608 1575 673 1618 uon
696 1552 825 1642 quidem
854 1566 1001 1619 accurate
1025 1554 1133 1618 obser.-

147 1676 251 1734 rasse,
277 1654 362 1743 quod
384 1655 522 1745 probent
543 1679 653 1726 voces:
684 1658 850 1743 ἀνελήφθη
873 1687 904 1725 s.
930 1686 960 1724 τ.
987 1658 1017 1722 λ.
1064 1658 1132 1724 Hae

147 1780 257 1840 noces,
290 1759 578 1850 quomodocunque
608 1761 827 1852 intelligentur
857 1763 952 1828 rerba
974 1769 1008 1832 ἐν
1032 1765 1130 1852 δόξῃ,

148 1886 221 1932 sane
252 1863 458 1954 intelligenda
489 1879 562 1934 cunt
593 1868 633 1934 de
662 1869 732 1955 ejus
754 1867 787 1934 iu
810 1867 934 1934 coelum
956 1867 1130 1948 sdsceusn,

150 2001 259 2020 Q

189 2065 229 2133 (l)
267 2067 327 2121 Act.
346 2067 369 2122 l.
388 2067 438 2134 21,
459 2067 503 2121 22.

191 2147 231 2218 (2)
267 2141 337 2203 lianc
354 2151 602 2224 interpretationem
620 2155 701 2204 etiam
719 2161 812 2205 tuetur
830 2153 985 2206 norissimus
997 2154 1129 2228 interpres

155 2247 179 2284 s.
204 2250 226 2285 ι.
253 2250 295 2286 tro
314 2236 343 2287 in
376 2235 880 2306 Gomm.adhancEp.Lips·183'l=
911 2240 956 2290 cni
977 2248 1067 2292 nutem
1084 2241 1129 2292 iu-

152 2319 327 2386 terpretetioni
354 2319 410 2372 fere
437 2319 583 2393 ohJicitun
609 2321 736 2378 vocabula
764 2327 885 2390 ἀγγέλος
911 2331 938 2374 et
969 2327 1129 2392 Ιἀπόστολος

148 2401 177 2454 in
200 2405 230 2456 n.
253 2404 284 2457 Τ.
315 2421 445 2476 nusqrrern
474 2423 528 2458 esee
550 2423 705 2476 synonyma.
743 2407 810 2458 tinio
840 2405 993 2475 responderi
1021 2415 1125 2475 potest,

145 2494 233 2558 pomo,
255 2507 296 2542 vc.
328 2494 449 2557 ἀγγέλος
480 2506 533 2544 non
567 2508 644 2544 sensu
677 2491 803 2544 strictiori
838 2509 892 2544 esse
924 2489 1128 2560 intelligendum

146 2569 179 2624 de
205 2572 251 2627 Xll
282 2576 432 2646 Apostolir,
462 2573 508 2628 sed
535 2573 568 2626 de
595 2575 718 2644 omnibns
747 2577 807 2629 lesu
832 2577 977 2628 resuscitati
999 2575 1128 2644 testibus,

145 2655 179 2709 ci.
205 2659 265 2710 Aet.
294 2659 315 2710 l.
335 2659 386 2724 21,
408 2659 457 2712 22.
485 2659 576 2712 lCor.
595 2660 650 2714 XV.
669 2663 755 2725 5-8,
782 2669 810 2712 et
835 2678 926 2714 vocem
955 2666 1075 2729 syyttoq
1100 2661 1128 2713 in

143 2740 173 2797 li.
191 2741 222 2796 Τ.
242 2741 276 2794 de
294 2749 388 2796 nuncio
405 2747 466 2798 Jesu
485 2744 580 2798 Christi
600 2743 736 2798 interdum
754 2744 894 2810 adhiberi,
914 2753 1034 2798 constare
1045 2743 1129 2798 videri

141 2842 159 2878 ο
173 2825 272 2881 lllettlr.
290 2827 382 2880 XXlV.
402 2830 455 2893 st,
474 2847 505 2882 ac
522 2828 715 2897 significatione
733 2836 810 2898 tspcte'
826 2836 946 2886 nundina
964 2827 1061 2882 diserta
1079 2847 1129 2882 cc-

142 2927 249 2964 currere
265 2913 322 2966 Jac.
342 2914 376 2966 tt.
395 2914 439 2966 25.
460 2915 522 2966 Luc.
543 2915 600 2966 vu.
621 2915 663 2966 tt.
686 2914 730 2965 tx.
750 2915 801 2980 525
821 2945 855 2957 -
871 2917 977 2968 secundo
991 2913 1128 2986 epistolem

111 2987 114 3001 '
141 2997 154 3048 l
179 2996 214 3049 sd
242 2997 411 3050 Timotheum
438 2997 559 3050 nlrebera
577 2997 703 3050 idiomate
725 3007 816 3050 suaet
833 2995 959 3068 loquendi
978 2998 1128 3062 rationem,

139 3099 156 3133 o
166 3099 236 3153 quae
256 3099 385 3153 nusquam
403 3084 431 3134 in
449 3084 553 3154 scriptis
570 3083 702 3146 Paelicis,
722 3091 749 3135 et
766 3099 827 3135 vero
839 3084 919 3134 etium
930 3083 957 3132 in
970 3082 1043 3134 omni
1055 3081 1085 3135 Ν.
1096 3081 1127 3136 Τ.

92 3193 95 3211 ι
140 3167 202 3218 »ita
220 3168 424 3234 usurpentur‚”
449 3175 479 3218 ut
497 3166 580 3239 prolis
598 3167 744 3220 observarit
764 3165 830 3221 ven.
850 3185 873 3220 s.
889 3185 912 3221 r.
929 3184 1072 3233 secuntus,
1099 3169 1127 3219 iu

140 3250 219 3320 Spes.
240 3255 337 3306 eluro.
357 3258 415 3306 ortt.
433 3271 502 3321 emp.
520 3256 549 3306 da
576 3257 705 3306 anecdotis
731 3257 807 3312 ἅπαξ
828 3255 989 3320 λεγομένοις
1007 3261 1128 3305 strcrs'o·
1181 3283 1184 3291 ·

139 3339 222 3420 ritus·
238 3338 339 3390 dicandi
357 3340 478 3406 formulis
495 3342 524 3390 in
547 3337 560 3388 l
583 3341 616 3390 ccl
635 3339 700 3390 Tim.
718 3356 758 3405 sp.
778 3345 847 3390 caet.
869 3338 990 3405 islep.
1009 3339 1064 3404 493
1094 3361 1129 3374 -

141 3427 233 3486 tertio,
262 3419 305 3473 hic
333 3439 384 3473 non
409 3423 485 3474 auxie
512 3419 546 3474 de
573 3440 636 3476 voce
664 3426 784 3490 ἀγγέλος
813 3439 866 3474 esse
891 3420 1079 3492 cogitandum,
1106 3421 1128 3472 si

140 3504 250 3574 probari
268 3507 348 3576 possit
366 3507 496 3559 sententie
512 3523 622 3570 eorum,
641 3507 687 3577 qui
707 3506 757 3558 hoc
776 3523 880 3557 comma
899 3523 954 3557 esse
975 3505 1066 3576 hymni
1078 3522 1129 3556 cn-

136 3589 245 3661 jusdam
257 3593 376 3662 -antiqui
398 3591 567 3644 ecelesiastici
586 3591 768 3660 fragmentum
785 3597 929 3656 statuunt,
947 3589 985 3643 cl.
1004 3605 1128 3642 sermione

140 3675 168 3728 iu
194 3677 304 3730 Ercure.
322 3675 357 3728 ad
376 3675 403 3729 h.
424 3676 443 3728 l.
464 3675 633 3728 Notissimum
650 3676 722 3728 enirn
740 3683 801 3737 est,
827 3680 918 3742 poetas
946 3691 1023 3746 saepe
1052 3690 1132 3727 roca·

140 3757 212 3818 botis
240 3763 280 3815 uti
298 3759 487 3830 significatione
506 3761 594 3812 minus
612 3759 706 3816 solitis.
724 3784 758 3796 -
775 3743 920 3812 Obsehretu
939 3756 1052 3828 dignum
1070 3765 1129 3822 est,

141 3835 214 3916 quod
239 3847 418 3914 interpretum
443 3847 626 3916 antiquiorum
648 3839 866 3914 conjungendam
885 3851 1025 3914 utramque
1042 3842 1131 3894 inter-

57 3939 60 3946 *
142 3928 263 3999 pretendi
276 3931 406 3984 rationein
418 3939 506 3984 censet
517 3949 538 3985 r,
551 3947 576 3982 c.
589 3945 714 3993 sennenn,
728 3926 861 3994 (dietatem.
875 3927 1128 3997 Philotoy.-Cn'tr'ca.

144 4008 226 4079 1253,
256 4016 290 4068 ll.
318 4015 371 4068 280
395 4017 492 4088 sqq),
517 4024 544 4068 et
562 4015 711 4084 intelligat:
738 4029 814 4082 uper
832 4013 937 4082 angelos
954 4028 1045 4066 omnes
1061 4007 1129 4066 adeo

141 4095 277 4152 ordinatos
297 4099 417 4170 legatos,
433 4101 486 4156 sire
505 4100 613 4170 spiritus
631 4099 776 4164 cocleetes,
799 4098 850 4152 eise
872 4095 992 4168 publicos
1010 4096 1037 4146 io
1059 4103 1129 4148 terra

22 4187 25 4194 '
71 4261 74 4269 Ι
142 4181 205 4268 Jeru
227 4183 324 4237 Christi
344 4185 473 4255 legatos.’'
