2958 5096
680 519 711 578 ,-
789 479 837 552 eo

558 713 681 775 Tantum
703 735 773 796 ergo
797 728 1003 777 sacramentmn

605 823 777 886 Veneremur
799 825 897 886 cernui

559 1150 682 1212 Praestet
700 1149 771 1212 fides
791 1150 1018 1233 supplementum

604 1260 741 1321 Sensnum
763 1261 887 1321 delectui
898 1259 916 1285 ”
926 1259 983 1341 (l)
1074 1279 1080 1288 ’

365 1404 482 1471 llinita
494 1401 655 1494 loquitur:
679 1405 738 1472 »0
751 1401 919 1470 invisibilis
929 1404 1075 1472 conditor
1083 1404 1194 1470 mnudi
1204 1406 1309 1486 Ileus,

322 1531 417 1597 quam
450 1509 641 1574 mirabiliter
680 1510 746 1600 agis
776 1511 941 1575 nobiscum
956 1559 966 1592 ,
999 1533 1094 1600 quam
1118 1505 1254 1576 suaviter
1273 1523 1309 1576 et

318 1615 455 1704 gratiose
483 1637 555 1680 cnm
577 1613 685 1680 electis
709 1614 772 1678 tuis
797 1615 956 1704 disponis,
988 1615 1105 1704 quihus
1129 1628 1227 1680 temet
1248 1617 1306 1713 ip3·

318 1742 387 1786 sum
410 1721 445 1786 in
464 1733 656 1786 sacramento
679 1720 866 1784 sumendum
880 1720 1054 1810 proponis!
1081 1721 1151 1785 Hoc
1166 1740 1307 1807 namque

319 1847 445 1890 omnem
465 1823 662 1890 intellectum
686 1837 813 1914 superat
827 1833 847 1868 ’θ
861 1813 931 1911 (2),l
974 1823 1080 1892 tlibi:
1124 1823 1307 1890 ›rlllumina

318 1952 448 2018 quoque
478 1928 586 1995 oculos
615 1951 702 1994 meos
730 1929 768 1994 ad
793 1929 981 1995 intuendum
1005 1942 1129 1994 tantum
1153 1930 1308 2016 mysteri·

318 2056 395 2114 um,
427 2047 459 2100 et
492 2034 531 2099 ad
556 2034 750 2100 credendum
774 2033 853 2099 illud
878 2034 1057 2100 indubitata
1081 2035 1145 2100 lide
1174 2057 1224 2099 me
1249 2055 1309 2097 ro·

320 2138 409 2206 bora.
457 2140 512 2205 Est
536 2140 622 2205 enirn
651 2141 795 2228 operatio
812 2153 872 2206 ,tua
894 2161 958 2203 non
982 2136 1120 2204 humana
1142 2138 1308 2229 potentia,

319 2256 373 2308 tua
405 2265 491 2309 sacra
522 2245 680 2310 institutio
710 2267 773 2308 non
814 2242 952 2308 hominis
990 2231 1186 2311 adinventio.
1209 2243 1310 2322 ‚Non

319 2348 404 2414 enlm
427 2345 564 2413 adhaec
588 2347 741 2438 capienda
763 2361 795 2414 et
818 2347 1021 2437 intelligenda
1046 2346 1160 2435 aliquis
1175 2345 1307 2411 idoneus

320 2475 432 2544 perse
459 2454 638 2542 reperitur,
666 2443 754 2541 ¹quae
781 2454 954 2543 angelicam
978 2453 1073 2518 etiam
1097 2451 1307 2518 subtilitatem

320 2557 570 2624 transscendunt.
633 2559 715 2642 Quid
751 2579 826 2646 ergo
862 2581 920 2647 ego
954 2572 1104 2647 peccator
1140 2557 1309 2647 indignus,

292 2657 296 2666 ’
320 2673 404 2726 terra
426 2673 459 2726 et
481 2661 583 2740 einis,
607 2661 646 2725 de
666 2674 730 2726 tarn
754 2661 817 2726 alto
840 2685 927 2727 sacro
946 2676 1066 2728 secreto
1078 2675 1189 2751 potero
1201 2659 1327 2726 inres-⁴

320 2766 420 2854 tigare
443 2777 475 2830 et
504 2770 641 2854 capere?
655 2768 677 2797 '’
697 2763 748 2856 (3)
795 2766 868 2832 Alio
891 2790 997 2832 rursus
1012 2767 1081 2831 loco
1094 2765 1173 2831 haec
1187 2764 1306 2835 habet:

320 2870 535 2938 »Cavendum
556 2883 604 2935 est
624 2870 685 2935 tibi
707 2894 724 2934 a
747 2872 869 2938 curiosa
889 2885 921 2938 et
936 2871 1041 2938 inutili
1054 2872 1310 2962 perscrutatione

319 2973 413 3065 hujus
449 2975 685 3065 profundissimi
711 2979 917 3056 sacramenti,
948 2976 974 3040 si
998 2999 1061 3040 nou
1084 2976 1129 3040 vis
1152 2975 1184 3039 in
1208 2975 1310 3040 dubi-

321 3080 447 3146 tationis
463 3079 656 3170 profundum
678 3079 849 3170 submergi.
878 3080 937 3165 Qui
952 3093 1108 3146 scrutator
1123 3093 1169 3146 est
1184 3081 1308 3168 majes-

323 3184 416 3264 tatis,
437 3183 635 3272 opprimetur
658 3207 686 3264 a,
698 3183 810 3273 gloria.
860 3184 933 3250 Plus
952 3185 1034 3252 valet
1056 3187 1140 3250 Deus
1163 3187 1308 3274 operari,

297 3311 418 3379 ‚quam
447 3273 543 3352 lromo
580 3287 756 3376 intelligere
785 3302 976 3378 potest....
1024 3291 1120 3356 Beata
1148 3288 1308 3378 simplici-

323 3407 390 3474 tas,
423 3415 504 3482 quae
533 3392 677 3458 difficiles
717 3395 940 3482 quaestionum
973 3394 1126 3484 relinquit
1155 3395 1240 3480 rias,
1276 3407 1309 3460 et

323 3499 417 3590 plana
438 3522 476 3564 nc
496 3499 587 3562 firma
612 3500 716 3587 pergit
741 3499 851 3564 semita
877 3500 1098 3565 mandatorum
1112 3500 1184 3569 Dei.
1213 3499 1310 3566 Multi

322 3604 521 3669 devotionem
545 3604 777 3692 perdiderunt,
811 3605 886 3669 dnm
912 3605 1022 3669 altiore
1044 3606 1179 3670 scrutari
1200 3603 1311 3670 roluc-

322 3721 409 3774 runt.
455 3707 548 3772 Fides
580 3731 597 3771 a
633 3720 663 3773 te
698 3709 835 3798 erigitur
857 3710 1031 3776 etsincera
1054 3709 1139 3792 vita,
1177 3731 1239 3774 non
1263 3709 1311 3773 al·

322 3813 426 3909 titudo
438 3810 638 3896 intellectus,
655 3825 772 3902 ”neque
785 3813 985 3902 profunditas
999 3813 1221 3900 mysteriorum
1239 3811 1310 3879 llei.

356 4023 397 4090 (l)
434 4025 461 4074 lu
480 4023 531 4092 09.
554 4023 572 4074 l.
592 4041 618 4090 p.
639 4023 683 4074 tu.

357 4110 395 4178 (2)
432 4110 460 4160 t.
482 4109 499 4161 l.
520 4107 560 4160 tv.
583 4108 603 4156 l.
624 4107 813 4159 ructant.
838 4109 879 4158 ll.

358 4195 395 4262 (3)
430 4193 516 4244 Ib.c.
537 4192 579 4246 tv.
600 4193 625 4242 l.
