2938 5080
505 1075 692 1166 sacrro
723 1081 785 1166 11.
856 1151 859 1158 ,
913 1179 924 1192 ,

144 1257 358 1352 Μυστήρια
387 1266 428 1376 ru
451 1270 655 1332 nucrcronn
681 1270 924 1376 ennarrans
937 1269 1136 1334 aaranrun

393 1395 461 1458 ars
484 1393 558 1458 nou
579 1393 891 1460 rurnrarcunmr.

532 1804 690 1875 CAPUT
716 1807 752 1880 Ι.

57 1914 63 1918 .
170 1943 415 2039 Disqna'se'tt'o,
440 1963 626 2034 quaenam
650 1967 706 2013 res
732 1947 775 2014 ire
799 1925 965 2014 ‘Ecclesia
996 1939 1125 2014 Gau·

350 2065 460 2134 etone
484 2059 604 2131 darer
626 2064 704 2132 rint
726 2067 935 2159 μυστήρια.
1021 2102 1025 2110 ·

431 2249 868 2307 &ruffi——

160 2395 326 2526 Quando
354 2435 482 2502 tandem
506 2434 661 2526 sentiendi
685 2436 766 2500 ratio
790 2432 889 2514 haec,
924 2445 1058 2520 μνςήρια
1081 2456 1146 2500 esse

157 2561 207 2606 res
242 2539 498 2620 abscondendus,
531 2539 637 2630 rigere
663 2538 791 2605 desierit
815 2537 847 2604 in
870 2537 1011 2604 Ecclesia
1029 2537 1143 2606 Chris-

158 2640 265 2724 tiana,
295 2646 381 2733 justa
419 2643 547 2710 definiri
577 2665 640 2710 non
676 2655 791 2733 potest.
839 2643 910 2709 Non
935 2639 1147 2733 improbabile

158 2760 264 2814 autem
309 2748 455 2826 ridetur,
504 2745 566 2813 hoc
599 2770 637 2813 eo
672 2761 815 2837 tempore
850 2747 995 2836 inprimis
1027 2741 1176 2814 factum‘

159 2873 247 2934 esse,
282 2876 346 2942 quo
379 2852 490 2942 religio
524 2851 703 2920 Christiana
728 2873 823 2940 quam
847 2852 982 2916 maxime
1004 2853 1088 2918 facta
1115 2873 1149 2915 e·

159 2969 209 3022 rat
233 2956 433 3038 universalis,
459 2955 584 3027 saeculo
608 2957 663 3022 vl.
713 2954 912 3021 Cessantibus
940 2954 1026 3020 enirn
1049 2954 1151 3019 ratio·

160 3062 254 3126 uibus
267 3111 277 3144 ‚
311 3061 426 3151 quibus
455 3061 535 3128 moti
558 3055 790 3126 'absconderent
814 3057 977 3148 religionis
1002 3058 1148 3141 cultum,

104 3151 110 3164 ⁴
160 3188 225 3232 non
255 3168 360 3255 potuit
382 3166 473 3246 fieri,
511 3165 708 3255 quinetiam
732 3173 865 3230 cessaret
889 3163 1044 3242 effectus,
1083 3163 1151 3252 ipsa

162 3271 334 3342 absconsio.
383 3272 483 3355 Quam
505 3269 696 3335 sententiam
717 3267 922 3334 vehementer
943 3267 1080 3357 probare
1103 3267 1153 3332 ri·

161 3375 276 3442 dentur
309 3375 425 3466 scripta
461 3393 620 3442 enueoarr
652 3393 707 3442 rc:
740 3375 857 3439 etenim
893 3370 969 3456 hic,
1003 3373 1053 3438 uti
1080 3393 1152 3436 mox

162 3480 360 3560 ridebimus,
390 3495 524 3572 ppgpprn
547 3477 661 3544 habuit
685 3500 734 3546 res
759 3501 821 3544 uon
848 3475 1087 3566 intelligendas,
1119 3485 1153 3542 at

163 3583 256 3650 simul
280 3585 374 3650 etiarn
396 3585 616 3672 vidimus(l)‚
652 3583 754 3673 ipsum
780 3603 930 3672 quoque,
964 3579 1011 3646 uti
1027 3578 1153 3646 'caeteri

162 3689 270 3755 Patres
296 3688 426 3769 Latini,
454 3689 583 3756 Sacram
607 3685 745 3754 Coenam
769 3683 941 3776 appellasse
962 3683 1150 3752 Sacramen-

162 3807 252 3874 tum,
292 3815 430 3883 eumque
467 3793 626 3884 vulgarem
660 3791 755 3882 hujus
792 3789 930 3858 tenuisse
966 3789 1152 3871 notionem,

164 3910 234 3964 tuto
266 3895 458 3966 concludere
486 3897 561 3964 licet
597 3919 634 3966 ex
667 3896 824 3963 constanti
851 3875 982 3962 Patrrirn
1013 3906 1154 3960 caetero-

165 4024 237 4066 rum
260 4023 330 4071 usu.
1099 4001 1106 4020 ⁸

168 4135 284 4154 Μ

205 4199 247 4292 (a)
286 4197 326 4250 cr.
344 4199 359 4263 a
376 4198 421 4251 aa.
