2958 5096
623 476 694 548 155

169 709 284 776 bantur
299 760 307 790 ,
321 723 356 776 ut
368 709 531 790 dicerent,
544 709 626 778 hanc
640 735 704 778 esse
717 713 924 800 mysterium,
939 712 1075 802 ideoque
1088 735 1151 780 noa

170 838 260 904 posse
284 816 432 907 intelligi.
475 823 517 886 tt
540 818 590 885 vel
609 820 653 886 sic
673 831 777 884 tamen
791 819 917 898 abunde
929 819 1051 906 liquet,
1072 820 1154 887 hono

171 921 282 1010 agendi
315 925 467 989 rationem
489 924 621 1008 minime
642 924 771 991 delendi
792 947 882 1014 posse
907 925 1007 990 effatis
1030 925 1156 993 Codicis

172 1026 284 1107 Sscri,
302 1050 405 1117 neque
429 1030 506 1094 lesu
528 1027 816 1118 Apostolorumqne
838 1053 1012 1117 congruere
1034 1030 1153 1098 menti:
1211 1043 1213 1046 ’

172 1155 245 1196 nam
276 1132 381 1219 qualia
403 1131 463 1199 hae
488 1134 665 1200 rationein
690 1132 844 1224 religione
870 1132 1046 1200 Christiani
1067 1157 1156 1222 mys-

135 1247 147 1257 ‘
174 1237 253 1302 teria
286 1238 573 1327 praedicabantur,
605 1237 678 1304 talia
709 1261 813 1327 neque
842 1241 934 1305 lesus
963 1261 1067 1328 aeque
1090 1241 1157 1328 ejus

184 1340 328 1432 Apostoli
359 1357 531 1424 noverant,
562 1342 740 1434 horumque
763 1341 880 1410 nullam
903 1344 1045 1412 fecerant
1066 1367 1157 1412 men·

175 1446 306 1514 tionem.

220 1552 260 1617 Ni
296 1550 394 1641 igitur
428 1552 553 1642 egregie
586 1552 750 1634 fallimur,
783 1553 962 1642 disquisitio
988 1565 1079 1620 antea
1103 1553 1157 1620 iu-

175 1653 286 1720 stituta
308 1656 468 1722 verissime
492 1657 583 1724 nobis
604 1659 646 1723 ob
669 1657 775 1724 oculos
795 1659 906 1748 pouit,
931 1658 1025 1722 variis
1045 1657 1160 1726 uecte-

174 1759 241 1825 siae
277 1762 475 1852 temporibus
506 1763 684 1852 neglectum
707 1785 772 1830 esse
794 1763 913 1828 iontem
936 1763 1161 1852 Dogmatiees‚

181 1864 325 1954 quisquis
363 1867 490 1932 tandem
526 1870 549 1933 is
577 1891 642 1934 esse
671 1880 810 1958 putetur.
856 1867 938 1934 Nam
971 1868 1035 1934 sive
1068 1880 1161 1956 pute·
1272 1891 1276 1900 ’

176 1981 231 2034 tur
249 1971 320 2036 lons
340 1995 405 2036 esse
419 1970 629 2040 CodesSncer
642 1985 749 2052 totus,
772 1972 836 2038 sive
852 1973 1025 2063 praecipue
1037 1973 1161 2042 Novum
1223 2061 1227 2066 Ι

178 2073 323 2157 Foedus,
349 2077 413 2142 sive
436 2077 574 2168 denique
600 2079 667 2168 ipse
687 2075 960 2158 teanensibus,
984 2075 1041 2142 bos
1054 2100 1162 2144 onmes

177 2179 380 2272 negligebant
395 2182 498 2247 fontes
510 2232 519 2262 ,
544 2205 647 2271 aeque
660 2205 699 2249 ex
711 2181 825 2248 horum
842 2181 906 2248 ullo
919 2206 973 2248 sua
986 2183 1161 2272 petebant,

177 2284 243 2350 imo
263 2308 316 2352 eos
339 2287 571 2376 postponebant
594 2285 758 2352 hominum
776 2286 890 2352 horum
905 2287 1071 2354 illorumve
1087 2311 1163 2354 con·

179 2388 390 2480 ciliorumque
422 2391 656 2458 inventionibus
687 2415 724 2458 ae
753 2391 1013 2472 definitionibus3
1045 2393 1163 2472 verbo,

178 2495 277 2576 lesu,
312 2497 367 2586 qui
388 2483 424 2561 se
445 2497 558 2562 mundi
580 2497 700 2562 dixerat
721 2495 848 2580 lucem,
869 2495 964 2585 plene
988 2497 1164 2576 contrarii,

63 2653 84 2664 .,
180 2599 371 2690 religionemv
406 2600 615 2669 Christianam
653 2599 813 2666 habebant
849 2601 1049 2683 doctrinam,
1089 2601 1165 2691 quia

180 2705 339 2772 Divinitas
371 2705 496 2790 datam,
524 2705 596 2772 ideo
618 2705 743 2795 plenam
766 2706 905 2771 tenebris
928 2707 991 2773 sive
1009 2706 1167 2794 mysteriis
1265 2699 1270 2714 '

179 2810 215 2874 in
233 2809 330 2902 alteri
349 2811 476 2876 demum
497 2809 560 2874 viti
572 2810 759 2879 revelandis.
794 2812 959 2878 Humanae
970 2812 1165 2901 sapientiae,

161 2912 280 2992 eheu!
306 2914 478 2981 dolendum
506 2913 686 3004 exemplar!

631 3112 648 3200 §
676 3115 730 3175 47.

230 3242 376 3312 Secundo
403 3243 474 3310 loco
498 3242 724 3332 inquirendum
748 3265 813 3307 esse
835 3255 1001 3330 putamus,
1027 3265 1102 3308 aum
1122 3242 1168 3307 lo·

186 3369 262 3428 cus,
288 3371 383 3437 quem
408 3351 633 3432 tractavimus,
666 3348 799 3436 alicujus
823 3348 863 3412 sit
885 3348 1040 3415 momenti
1064 3347 1169 3438 quoad

184 3468 404 3544 argumentum
414 3453 1170 3544 DogmatieesChristianaeuniversespectatum.

233 3559 300 3624 Hae
331 3581 405 3624 vero
440 3559 474 3623 in
509 3581 601 3624 eausa
635 3559 731 3624 etiam
765 3558 981 3647 maximopere
1012 3558 1172 3624 Ecclesiae

187 3661 385 3730 Christianae
417 3663 494 3728 socii
517 3675 713 3728 recesserunt
737 3685 755 3726 n
777 3663 854 3728 Jesu
879 3664 1011 3751 ejusque
1035 3664 1172 3751 Aposto-

184 3767 291 3833 lorum
316 3781 432 3836 mente.
482 3769 525 3834 lli
548 3769 635 3834 enim
657 3767 844 3854 mysterium
868 3767 1073 3856 appellabant
1095 3769 1172 3836 lesu

188 3870 308 3939 Christi
344 3873 462 3954 vitam,
498 3873 701 3952 missionem,
726 3893 913 3960 personam,
939 3871 1174 3962 apparitionem

191 3967 338 4060 omnem',
373 4001 435 4067 qua
469 3978 552 4044 Deus
588 3978 753 4066 patefieret
787 3974 992 4056 hominibus,
1028 3990 1061 4042 et
1096 3977 1174 4042 adeo

188 4084 338 4169 mysteria
374 4095 429 4148 out
460 4084 527 4171 jam
562 4082 720 4174 patefacta
739 4079 900 4148 habebant
924 4094 977 4148 aut
1002 4081 1117 4147 deinde
1140 4084 1174 4146 in

189 4189 282 4253 terris
314 4186 401 4256 hisce
425 4186 663 4277 patefacienda:
697 4188 872 4276 posteriore
901 4200 1006 4254 cutem
1032 4200 1175 4278 tempore
